3123 5063
1329 278 1416 381 se

211 478 394 553 enim
431 480 815 561 testimonia,
857 499 1022 565 quae
1068 480 1360 548 dominus
1404 486 1622 548 noster
1664 481 1926 566 eiusque
1971 480 2179 548 sancti
2199 477 2506 565 Apostoli

218 593 299 659 in
338 591 523 658 Novo
568 591 740 656 Test.
784 588 1161 677 produxere,
1205 589 1390 655 LXX
1414 589 1926 675 ‘interpretibus“
1954 589 2025 677 ¹).

348 698 598 767 Eodem
641 699 776 766 fere
840 706 1164 785 tempore,
1232 719 1355 782 quo
1422 699 1607 764 LXX
1674 699 1948 784 interpp.
1992 697 2202 765 versio
2247 702 2507 783 propter

218 810 544 897 permulta
615 829 758 875 cum
821 808 1113 893 exemplo
1181 807 1502 875 Hebraico
1580 806 1950 874 discrimina
2032 807 2507 893 permultasque

223 916 733 983 adulterationes
764 915 937 1001 apud
967 917 1009 983 J
1011 916 1251 982 udaeos
1280 934 1530 982 omnem
1559 914 1693 982 fere
1737 915 1929 982 fidem
1971 914 2269 1002 perdidit,
2316 915 2510 981 etiam

227 1026 576 1101 Peschitth.
621 1026 913 1092 condicio
949 1026 1141 1111 plane
1187 1031 1284 1091 est
1327 1030 1590 1091 mutata.
1679 1026 1845 1093 Nam
1889 1025 2011 1090 etsi
2041 1022 2507 1108 Hierosolymis

225 1137 486 1222 deletis,
553 1137 595 1203 J
597 1135 946 1201 udaeorum
1011 1134 1307 1200 libertate
1372 1134 1659 1220 sepulta,
1715 1139 2102 1201 momentum
2144 1153 2506 1217 nervusque

220 1266 438 1312 rerum
505 1244 701 1311 etiam
759 1263 960 1327 usque
1026 1243 1114 1309 ad
1174 1243 1426 1309 initium
1469 1262 1639 1309 saec.
1678 1243 1780 1308 ΙΠ
1822 1264 1887 1328 p.
1932 1242 2048 1308 Ch.
2093 1248 2232 1309 erat
2272 1243 2341 1307 in
2384 1242 2508 1307 Pa-

102 1438 107 1445 ·
221 1355 540 1440 laestina,
598 1358 662 1418 et
704 1352 774 1417 in
819 1351 1117 1418 Galilaea
1159 1352 1418 1418 scholae
1459 1351 1869 1419 Tiberienses
1914 1357 1978 1417 et
2021 1350 2504 1436 Sepphorenses

122 1508 134 1519 ·
223 1460 543 1529 florebant
602 1481 758 1549 prae
823 1461 1080 1546 ceteris,
1146 1466 1364 1526 tamen
1427 1460 1571 1527 laus
1636 1462 1678 1528 J
1681 1460 2029 1527 udaeorum
2094 1459 2505 1544 Syriacorum

222 1570 537 1638 litteraria
593 1570 662 1636 in
721 1568 859 1636 dies
912 1569 1120 1654 magis
1165 1575 1262 1636 est
1303 1569 1713 1655 amplificata.
1814 1571 1911 1636 Eo
1957 1568 2127 1635 enim
2169 1569 2353 1634 multi
2396 1571 2438 1636 J
2440 1590 2507 1635 u-

232 1679 383 1746 daei
423 1699 495 1746 se
534 1698 777 1762 suaque
820 1678 1311 1764 collocaverant,
1355 1684 1426 1744 ut
1471 1679 1831 1764 effugerent
1859 1677 2208 1745 seditiones
2253 1684 2507 1744 conten-

166 1802 170 1810 ·
228 1787 560 1872 tionesque
605 1786 1014 1870 demesticas3
1058 1785 1209 1852 inde
1250 1805 1467 1853 rursus
1510 1787 1580 1852 in
1615 1786 2147 1872 Mesopotamiam
2190 1791 2253 1852 et
2298 1786 2511 1870 Baby-

224 1895 469 1964 loniam
531 1915 601 1962 se
664 1900 1127 1962 converterunt.
1233 1894 1445 1979 Atque
1512 1914 1708 1979 quum
1774 1895 2353 1962 Palaestinensium
2397 1896 2439 1962 J
2443 1915 2508 1960 u-

230 2003 540 2079 daeorum
566 2003 832 2088 ingenia
859 2001 1048 2070 tarda
1089 2003 1317 2070 fierent
1358 2003 1427 2068 in
1471 2003 1701 2070 litteris
1745 2004 2122 2089 tractandis,
2165 2003 2296 2069 iam
2342 2022 2511 2069 saec.

225 2112 321 2178 IV
363 2133 580 2180 corum
609 2110 1085 2178 academiarum
1128 2111 1271 2177 laus
1314 2118 1413 2178 est
1456 2112 1797 2179 obscurata
1842 2111 2184 2199 splendore
2218 2111 2511 2179 Nisiben-

238 2220 362 2306 sis,
407 2220 712 2304 Suranae,
756 2219 1309 2286 Pumbadithanae
1354 2220 1730 2287 scholarum.
1819 2222 2029 2302 Quum
2071 2222 2269 2306 igitur
2309 2221 2509 2287 Hala-

235 2327 459 2395 chicae
502 2348 746 2413 quoque
804 2328 1364 2414 interpretationes
1429 2328 1529 2395 his
1574 2329 1642 2394 in
1684 2329 2056 2414 regionibus
2101 2329 2511 2396 vehementer

231 2443 622 2524 crescerent,
695 2436 978 2522 cognitio
1023 2437 1361 2504 Librorum
1405 2438 1745 2505 Sacrorum
1789 2438 1965 2524 apud
2008 2439 2270 2523 vulgum
2314 2439 2509 2507 latius

228 2553 511 2635 pateret,
557 2554 622 2614 et
665 2548 926 2614 scholae
969 2547 1206 2614 multae
1250 2549 1763 2636 instituerentur,
1815 2549 2040 2616 Versio
2084 2551 2338 2635 Nostra,
2384 2569 2512 2632 qua

236 2663 372 2723 erat
413 2656 821 2744 simplicitate
887 2662 953 2723 et
994 2657 1376 2745 sobrietate,
1441 2679 1573 2726 non
1615 2659 1747 2724 iam
1791 2658 2024 2725 animis
2068 2658 2385 2725 satisfecit
2429 2664 2511 2743 et,

232 2770 307 2840 ut
347 2765 671 2832 acciderat
691 2771 884 2831 antea
909 2765 977 2830 in
999 2765 1394 2851 Palaestina,
1438 2772 1700 2854 propter
1729 2766 2038 2833 Hebraici
2071 2765 2381 2833 sermonis
2402 2786 2513 2831 no-

229 2874 439 2941 titiam
471 2873 782 2960 grandem
813 2874 1084 2941 fortasse
1105 2895 1585 2963 supervacanea
1607 2875 1831 2942 evasit.
1877 2874 1985 2962 (cf.
2007 2895 2203 2962 supra
2225 2896 2359 2962 pag
2382 2875 2514 2961 25).

228 2985 580 3056 Praeterea
624 3003 792 3052 saec.
860 2985 974 3051 Ch.
1018 2984 1085 3050 H
1126 2988 1202 3052 R.
1244 2986 1503 3052 Akibae
1546 2984 2011 3072 interpretandi
2054 2985 2222 3051 ratio
2268 3004 2515 3050 summa

230 3091 504 3159 florebat
549 3092 950 3159 auctoritate.
1037 3093 1156 3159 Ille
1204 3094 1373 3160 enim
1416 3094 1677 3178 singula
1719 3093 2037 3161 vocabula
2076 3093 2183 3159 vel
2227 3092 2516 3177 syllabas

231 3201 654 3276 Pentateuchi
687 3202 775 3268 ad
805 3201 1227 3268 Halachicam
1271 3203 1864 3289 interpretationem
1911 3201 2174 3269 maximi
2216 3199 2519 3286 ponderis

236 3326 378 3374 esse
422 3308 653 3375 voluit„
749 3305 994 3375 Idcirco
1059 3308 1388 3375 versiones
1456 3329 1678 3377 omnes
1722 3309 1798 3375 V.
1862 3309 1936 3373 T.
2002 3306 2261 3373 inutiles
2303 3305 2519 3371 factae

232 3422 384 3496 sum
449 3422 514 3483 et
563 3417 916 3484 necessitas
961 3418 1208 3503 coegit,
1275 3438 1387 3485 eas
1431 3426 1544 3485 aut
1586 3436 1846 3506 prorsus
1890 3416 2124 3482 mutari
2168 3413 2518 3482 secundum

232 3522 492 3597 Akibae
559 3522 967 3610 disciplinam
1023 3530 1137 3590 aut
1175 3523 1245 3589 in
1289 3544 1507 3590 carum
1549 3524 1692 3591 loco
1737 3522 1890 3609 poni
1935 3542 2155 3589 novas.
2259 3521 2366 3586 Ita
2410 3540 2517 3585 ex·

230 3632 398 3699 stitit
438 3631 692 3699 Graeca
734 3632 1010 3716 Aquilae
1051 3633 1262 3700 versio
1319 3634 1512 3699 auxie
1554 3635 1833 3700 litteram
1894 3630 2172 3717 exempli
2215 3628 2522 3696 Hebraici

234 3745 491 3825 secuta3
572 3740 771 3807 nihilo
832 3741 1041 3808 secius
1100 3741 1288 3808 huius
1347 3743 1617 3810 rationis
1674 3743 1920 3809 nullum
1986 3730 2522 3826 deprehendimus

229 3849 579 3934 vestigium
619 3848 689 3913 in
733 3849 1056 3935 Simplice.
1145 3850 1427 3917 Causam
1483 3872 1636 3919 vero
1694 3851 1840 3918 huis
1904 3849 2001 3917 rei
2056 3849 2326 3935 praebet
2366 3849 2522 3913 Tar—

231 3978 387 4044 gum
415 3956 940 4034 Onkelosianum.
1027 3959 1401 4027 Palaestina
1431 3960 1691 4044 quidem
1719 3979 1919 4044 usque
1963 3957 2050 4025 ad
2082 3957 2310 4024 initum
2354 3976 2523 4023 saec.

227 4068 333 4142 III
379 4066 887 4166 Christianorum
930 4069 1482 4153 propugnaculum
1523 4070 1861 4137 Halachae
1923 4067 2072 4154 fuit,
2132 4086 2300 4151 quae
2343 4066 2524 4151 paul—

226 4178 415 4252 latim
476 4176 665 4246 modo
722 4182 980 4248 ,exteras
1040 4197 1290 4261 quoque
1361 4179 1660 4264 regiones
1725 4177 2006 4245 intravit.
2105 4176 2193 4242 At
2250 4194 2330 4241 ex
2403 4194 2525 4259 quo

227 4288 379 4355 Rab
418 4286 495 4374 .(†
525 4287 680 4367 243)
724 4285 792 4364 in
823 4286 1256 4373 Babyloniam
1275 4292 1825 4379 commigraverat,
1869 4288 1940 4354 in
1982 4305 2250 4370 eamque
2293 4290 2528 4350 terram

370 4517 435 4595 1)
477 4518 656 4595 Apud
701 4515 935 4576 Assem.
978 4511 1049 4571 Β.
1097 4510 1167 4574 Ο.
1211 4510 1293 4586 11,
1343 4510 1494 4574 281.

2057 4616 2094 4673 3
