3123 5063
1380 341 1457 402 31

270 507 500 577 Pesch.
563 511 648 576 ab
709 510 1001 578 omnibus
1045 508 1277 594 Syriae
1324 506 1595 574 Judaeis
1637 507 1707 572 in
1751 526 2231 592 synagogarum
2275 524 2395 571 usu
2439 504 2550 570 ad-

274 620 618 686 hibebatur
644 619 711 706 1).
811 620 1024 686 Primo
1070 618 1328 703 quidem
1370 624 1651 703 tempore
1697 615 2048 684 Christiani
2091 635 2317 682 munus
2339 616 2555 681 inter—-

269 735 522 816 pretam
592 726 1043 814 (ἑρμηνευτῶν)
1118 727 1197 793 de
1243 726 1601 812 synagogis
1645 726 1713 790 in
1761 726 2093 792 ecclesiam
2138 746 2320 792 suam
2363 725 2555 791 intro-

275 835 598 903 duxerunt
617 836 703 923 2),
772 838 881 921 qui
923 838 998 903 V.
1063 838 1137 902 T.
1201 837 1546 902 recitarent
1610 840 1675 900 et
1739 835 2319 921 interpretarentur.
2422 836 2556 902 Nec

277 946 468 1012 facile
516 948 872 1033 quisquam,
918 947 1044 1012 nisi
1088 947 1193 1031 qui
1239 966 1473 1030 genere
1518 952 1660 1011 erat
1697 944 2004 1030 Judaeus,
2048 945 2211 1011 adiit
2255 946 2557 1012 honorem

276 1055 475 1141 illum,
521 1056 824 1139 quoniam
867 1058 908 1123 J
912 1055 1103 1122 udaei
1146 1055 1266 1122 soli
1311 1075 1666 1122 sermonem
1711 1038 2096 1121 Hebraicum
2139 1063 2557 1140 naturamque

274 1165 350 1231 V.
418 1166 492 1231 T.
536 1171 869 1232 noverant.
976 1166 1119 1246 Qua
1160 1165 1230 1229 in
1276 1185 1363 1250 re,
1409 1165 1518 1248 qui
1564 1163 1810 1230 Graece
1853 1164 2311 1251 loquebantur,
2374 1166 2559 1230 LXX

272 1273 548 1361 interpp.
593 1277 888 1342 versione
931 1275 1019 1341 ad
1062 1275 1656 1361 interpratationem
1702 1274 1801 1340 usi
1844 1280 2025 1359 sunt3
2089 1274 2200 1340 ubi
2243 1295 2396 1342 vero
2438 1275 2559 1341 lin-

276 1402 449 1467 guae
493 1383 780 1450 Graecae
825 1404 1053 1470 parum
1095 1383 1396 1469 vigebat,
1459 1382 1547 1448 ad
1591 1383 1950 1450 versionem
1997 1384 2379 1450 Aramaeam
2424 1389 2560 1450 tum

275 1488 455 1574 apud
500 1510 716 1557 omnes
759 1489 1044 1558 Judaeos
1084 1489 1483 1574 divulgatam
1530 1488 1896 1575 confugisse
1943 1489 2354 1592 interpretes,
2414 1509 2559 1557 con-

277 1603 658 1664 sentaneum
725 1605 839 1666 cst.
955 1601 1180 1683 Neque
1245 1619 1398 1664 vero
1465 1598 1671 1665 solum
1734 1598 1819 1665 ad
1863 1599 2302 1666 recitationem
2345 1604 2558 1667 textus
2679 1666 2682 1669 .

281 1706 583 1774 Hebraici
602 1758 621 1793 ,
664 1706 779 1774 sed
825 1708 1018 1774 etiam
1065 1706 1149 1773 ad
1196 1708 1555 1774 versionem
1599 1708 1778 1773 illam
1821 1708 2209 1776 Aramaeam
2252 1709 2560 1795 interpre-

275 1815 540 1882 tationis
581 1836 780 1883 causa
825 1817 1263 1903 usurpandam
1290 1816 1924 1885 Judaeo-Christiani
1966 1825 2148 1885 erant
2191 1818 2560 1886 adhibendi.

277 1925 448 1991 Nam
521 1924 678 2010 quid
745 1925 1109 1994 Christiano
1171 1926 1537 1993 faciendum
1613 1934 1748 1993 erat
1821 1948 1962 1995 cum
2004 1926 2434 1994 Chaldaismis
2498 1933 2563 1995 et

290 2033 711 2121 Hebraismis,
733 2036 962 2120 quibus
984 2035 1209 2102 Pesch.
1253 2037 1617 2103 etiamnunc
1645 2043 1846 2104 scatet
1864 2036 1968 2123 ³)‘?
2058 2038 2420 2117 Quamnam
2450 2037 2562 2104 ha-

272 2143 476 2209 bebat
529 2143 822 2210 notitiam
865 2144 1367 2211 Halachicarum
1409 2146 2007 2231 interpretationum
2050 2146 2561 2232 Hagadicarum-

283 2272 405 2336 que
450 2253 990 2338 explicationumP
1099 2253 1325 2321 Adiice
1370 2254 1540 2339 quod
1586 2240 1915 2322 versiones
1960 2257 2320 2323 Aramaeae
2362 2258 2560 2343 Assy—

281 2361 395 2428 riis
439 2362 662 2429 litteris
706 2363 748 2428 i.
795 2384 850 2430 e.
892 2362 1244 2450 quadratis,
1290 2384 1453 2448 quae
1495 2363 1861 2430 Hebraicae
1897 2365 2407 2452 appellabantur,
2453 2387 2559 2433 ex—

273 2490 537 2559 pressae
576 2478 780 2559 erant,
818 2493 980 2558 quas
1027 2473 1282 2558 quidem
1315 2473 1665 2541 Christiani
1709 2474 2115 2560 ignorabant.
2204 2476 2347 2557 Qua
2391 2475 2559 2542 enim

273 2581 633 2666 pertinacia
665 2581 903 2648 Judaei
935 2582 1148 2649 ubivis
1191 2582 1469 2668 patrium
1512 2602 1867 2649 sermonem
1909 2584 2291 2671 retinebant,
2335 2586 2562 2651 eadem

277 2689 507 2756 litteris
574 2689 904 2774 quadratis
970 2691 1258 2776 linguam
1324 2712 1503 2758 suam
1575 2693 1933 2759 exarabant
1954 2692 2027 2779 4).
2136 2693 2275 2773 Quo
2321 2693 2561 2760 factum

282 2803 409 2884 est,
471 2805 542 2864 ut
586 2819 752 2865 saec.
797 2800 829 2864 I
873 2822 934 2886 p.
980 2799 1095 2866 Ch.
1139 2823 1198 2866 n.
1240 2806 1531 2886 exeunte,
1578 2801 1941 2885 ubicunque
1981 2801 2271 2869 homines
2316 2803 2561 2870 Graece

276 2908 683 2994 nesciebant,
729 2947 814 2957 —
857 2930 1008 2975 nam
1053 2910 1413 2994 ubicunque
1457 2910 1598 2976 fieri
1640 2916 1925 2998 poterat,
1990 2912 2333 2979 utebantur
2376 2913 2561 2978 LXX

275 3016 552 3103 interpp.
619 3018 952 3105 versione,
1018 3040 1212 3103 quam
1255 3019 1630 3086 canonicam
1672 3019 2098 3086 laudaverant
2139 3021 2431 3107 Apostoli
2473 3059 2562 3071 —

276 3124 506 3192 Pesch.
533 3126 601 3191 in
639 3127 976 3193 ecclesiam
1021 3127 1426 3213 reciperetur.
1514 3129 1651 3195 Nec
1692 3148 1847 3197 vero
1891 3129 2177 3195 celeriter
2221 3135 2286 3195 et
2327 3130 2563 3215 raptim

277 3233 610 3321 Simplex,
676 3236 853 3302 cuius
898 3234 1110 3302 aditus
1154 3242 1412 3322 propter
1455 3256 1686 3303 causas
1731 3235 1920 3303 modo
1965 3237 2198 3304 allatas
2251 3239 2405 3305 solis
2447 3240 2561 3306 Ju-

280 3341 463 3409 daeis
507 3344 791 3431 patebat,
835 3346 1001 3411 inter
1048 3344 1448 3413 Christianos
1492 3345 1652 3413 fines
1698 3366 1847 3414 suos
1892 3349 2258 3434 prolatavit,
2302 3369 2421 3416 nec
2466 3357 2564 3416 est

278 3452 450 3537 quod
486 3453 929 3540 concedamUS,
978 3455 1201 3522 Pesch.
1234 3455 1364 3521 iam
1394 3462 1528 3521 tum
1574 3455 1661 3521 ad
1698 3458 2142 3524 auctoritatem
2185 3459 2561 3526 eanonicam

414 3764 476 3838 1)
521 3767 1096 3844 argumentationem
1140 3769 1312 3828 huius
1357 3770 1442 3828 rei
1488 3773 1797 3831 afferemus
1837 3771 2010 3830 infra.

415 3874 479 3948 2)
526 3875 614 3936 of.
657 3876 688 3934 1
733 3876 864 3936 cor.
909 3878 1037 3936 Xv.
1085 3881 1145 3939 et
1190 3878 1597 3939 testimonium
1626 3880 1865 3940 Eusebfi
1905 3865 2068 3955 'apud
2088 3879 2384 3960 ,Ruinam
2430 3883 2564 3940 acta

278 3985 617 4060 martyrum
661 4004 798 4063 pag.
845 3987 990 4046 373.

410 4089 475 4166 3)
523 4091 677 4163 Quas
723 4113 795 4164 ne
838 4094 1237 4171 Ephraemum
1297 4095 1534 4173 quidem
1588 4097 1946 4159 intellexisse
2004 4099 2124 4160 iam
2182 4118 2361 4176 supra
2406 4118 2562 4160 com-

278 4201 752 4262 memoravimus

413 4308 478 4385 4)
523 4311 689 4371 Idem
731 4312 1026 4373 faciebant
1070 4313 1240 4373 initio
1285 4313 1325 4372 J
1326 4315 1887 4391 udaeo-Christiani,
1932 4319 2002 4376 ut
2047 4336 2118 4376 ex
2150 4318 2561 4378 Ebionitarum

280 4419 622 4498 Evangelio,
672 4422 828 4496 quod
872 4440 1137 4482 sermone
1168 4423 1432 4499 SyriacO,
1477 4426 1580 4486 sed
1621 4425 1841 4485 litteris
1871 4426 2180 4487 Hebraicis
2224 4443 2563 4503 expressum

280 4527 418 4606 fuit,
467 4529 539 4591 cf.
580 4530 756 4593 infra.
