3123 5063
1412 266 1492 326 25

304 440 521 509 Biblia
563 438 962 527 explicarent
980 436 1051 526 ¹).
1141 435 1439 503 Ceterum
1481 456 1634 501 num
1665 430 2004 502 ¹versiones
2043 434 2384 502 Librorum
2425 431 2579 500 Sac-

307 573 518 619 rorum
576 550 663 617 ad
705 549 972 618 verbum
1031 546 1363 615 confectae
1406 546 1474 611 in
1517 544 1891 613 Palaestina
1934 545 2289 631 perhibitae
2334 543 2589 628 fuerint,

305 682 696 749 magnopere
756 667 854 727 est
917 657 1215 742 dubium,
1284 678 1436 724 nam
1492 656 1646 740 quia
1688 656 1799 722 illo
1844 662 2129 742 tempore
2173 655 2433 723 scholae
2477 655 2519 722 J
2521 674 2593 720 u-

305 771 533 839 daicae
555 771 892 854 florebant,
938 767 1243 836 Hebraici
1285 766 1595 834 sermonis
1643 766 1923 850 cognitio
1969 765 2128 833 satis
2173 765 2388 851 ampla
2432 768 2590 850 erat,

308 902 428 949 nec
469 881 818 966 quidquam
860 879 988 945 nisi
1029 876 1490 964 explicationes
1534 884 1673 944 erat
1717 877 2168 945 necessarium.
2275 876 2363 943 At
2403 875 2591 942 aliter

307 1012 409 1059 res
468 1012 540 1059 se
598 989 888 1058 habebat
941 993 1122 1056 extra
1162 987 1577 1054 Palaestinae
1621 986 1812 1053 fines:
1874 986 1942 1052 in
1986 986 2287 1072 Aegypto
2332 984 2589 1071 quidem

305 1102 600 1188 quamvis
664 1099 885 1188 paullo
943 1103 1090 1184 post
1132 1098 1167 1162 Ι
1211 1096 1518 1183 templum
1586 1095 1866 1162 dirutum
1930 1095 2153 1180 magni
2195 1095 2590 1164 Judaeorum

305 1215 523 1278 essent
582 1212 968 1293 conventus,
1032 1205 1346 1273 sermonis·
1399 1204 1706 1272 Hebraici
1771 1224 1924 1272 usus
1966 1203 2178 1271 nullus
2242 1202 2377 1270 fere
2417 1208 2589 1290 erat,

307 1340 516 1405 neque
581 1319 677 1385 ita
741 1317 938 1384 multo
1004 1321 1148 1402 post
1209 1315 1560 1382 necessitas
1606 1314 1849 1381 exstitit
1892 1314 1979 1381 ad
2022 1333 2125 1381 res
2170 1313 2425 1381 divinas
2468 1314 2591 1382 rite

306 1428 605 1515 agendas
634 1427 1068 1496 translationis
1093 1446 1287 1510 quam
1315 1426 1596 1493 maxime
1631 1425 1718 1492 ad
1762 1425 2029 1492 verbum
2073 1424 2590 1492 conscribendae.

306 1540 412 1606 Ita
456 1544 614 1604 nata
658 1544 754 1604 est
793 1536 997 1603 versio
1021 1537 1209 1602 LXX
1251 1536 1527 1621 interpp.
1577 1555 1743 1619 quae
1786 1532 2044 1618 quidem
2086 1554 2215 1600 non
2259 1533 2398 1600 sine
2442 1553 2588 1600 auc-

309 1648 565 1716 toritate
627 1645 1206 1713 Palaestinensium
1268 1644 1440 1711 facta
1484 1650 1614 1731 est,
1681 1665 1840 1729 quos
1885 1650 2234 1712 conventus
2279 1643 2588 1731 Aegyptii

298 1759 370 1837 in
413 1758 606 1825 rebus
652 1756 889 1824 divinis
933 1755 1262 1823 consulere
1307 1755 1601 1822 solebant
1621 1753 1691 1842 ²).
1802 1754 2040 1834 Quanti
2083 1774 2236 1821 vero
2285 1754 2587 1822 momenti

300 1867 510 1936 versio
554 1865 998 1939 Alexandrina
1044 1864 1268 1951 fuerit,
1314 1865 1677 1950 ubicunque
1721 1885 1929 1932 sermo
1976 1864 2261 1932 Graecus
2303 1864 2590 1950 vigebat,

298 1997 403 2045 res
448 1983 545 2044 est
587 1977 941 2044 notissima.
1029 1975 1255 2054 Qualis
1297 1996 1450 2043 vero
1494 1975 1618 2042 fuit
1661 1974 1951 2042 condicio
1996 1977 2038 2044 J
2041 1975 2422 2062 udaeorum,
2481 1975 2591 2059 qui

296 2108 415 2174 per
466 2092 668 2154 totum
711 2086 847 2153 fere
893 2085 1218 2153 Orientem
1262 2085 1537 2171 dispersi
1581 2086 1964 2152 Aramaeam
2007 2091 2255 2152 tantum
2297 2085 2591 2170 linguam

304 2196 671 2264 callebant?
753 2197 795 2264 J
797 2194 1078 2281 osephus
1097 2193 1150 2278 ³)
1229 2193 1485 2279 quidem
1564 2194 1844 2280 prodidit
1928 2195 2272 2262 memoriae
2341 2194 2587 2262 nullum

300 2305 503 2372 fuisse
565 2305 866 2389 angelum
929 2304 1101 2371 orbis
1166 2310 1514 2391 terrarum,
1576 2304 1688 2371 ubi
1730 2326 1860 2372 non
1904 2304 2272 2372 habitarent
2315 2304 2589 2390 Judaei3

295 2415 367 2480 in
412 2413 665 2500 oppidis
708 2413 1229 2501 locupletioribus
1273 2413 1536 2500 Syriae,
1603 2414 2137 2500 Mesopotamiae,
2184 2414 2589 2500 Babyloniae

295 2545 709 2613 synagogae,
752 2524 822 2591 in
852 2524 1083 2609 quibus
1127 2523 1381 2592 litterae
1424 2545 1651 2592 sacrae
1694 2523 2151 2611 recitabantur,
2194 2523 2390 2592 multo
2436 2529 2586 2592 ante

297 2635 750 2721 Hierosolyma
782 2633 998 2700 deleta
1026 2640 1175 2701 sunt
1203 2640 1568 2702 exstructae
1580 2634 1656 2723 4),
1702 2640 1895 2719 atque
1928 2655 2123 2719 quum
2152 2633 2334 2700 multi
2374 2640 2588 2702 essent

432 2832 496 2910 1)
538 2832 847 2895 Eiusmodi
886 2832 1170 2910 reliquiae
1229 2833 1500 2910 quamvis
1559 2833 1805 2895 mutilae
1863 2832 1928 2893 in
1969 2833 2321 2911 paraphrasi
2363 2832 2582 2894 Penta-

292 2944 494 3005 teuchi
536 2941 1085 3019 Hierosolymitana
1125 2942 1530 3019 perhibentur.

429 3050 494 3128 2)
540 3054 731 3125 Quam
774 3051 897 3114 vim
938 3052 1258 3113 habuerint
1300 3052 1772 3114 Palaestinenses
1819 3053 1895 3114 ad
1938 3054 2098 3113 LXX
2146 3055 2403 3131 interpp.
2448 3070 2582 3115 ver-

292 3165 521 3225 sionem
563 3160 997 3235 conficiendam‚
1041 3161 1343 3241 ingeniose
1388 3162 1820 3225 demonstravit
1863 3164 2121 3225 Frankel
2161 3165 2227 3223 in
2269 3163 2436 3224 libris
2482 3162 2584 3241 qui

289 3274 726 3335 inscribuntur:
811 3271 1107 3331 »Einfluss
1180 3271 1284 3330 der
1347 3271 1922 3332 Palastinensischen
1986 3273 2247 3353 Exegese
2321 3272 2430 3333 auf
2489 3271 2582 3331 die

290 3381 818 3445 Alexandrinische
862 3381 1354 3456 Hermeneutik«,
1398 3388 1458 3442 et
1506 3381 1739 3443 »Ueber
1767 3382 2193 3444 Palastimsche
2237 3384 2360 3444 und
2403 3382 2583 3442 Alex-

290 3492 668 3555 andrinische
713 3490 1316 3569 Schriftforschung«.

423 3600 490 3678 3)
534 3601 782 3679 Antiqq.
825 3601 986 3676 XIV,
1037 3602 1093 3676 7,
1128 3602 1164 3660 2
1209 3601 1427 3662 testem
1468 3602 1644 3662 affert
1676 3602 2030 3664 Strabonem
2072 3603 2365 3664 dicentem
2406 3602 2581 3663 haec:

291 3706 446 3789 αὕτη
491 3708 639 3791 (τῶν
676 3705 1015 3789 Ἰουδαίων)
1063 3710 1114 3768 δ’
1152 3705 1236 3777 εἷς
1283 3708 1492 3770 πᾶσαν
1521 3704 1703 3771 πόλιν
1749 3703 1857 3787 ἤδη
1888 3708 2295 3789 παρεληλύθει
2340 3704 2439 3770 καὶ
2485 3706 2581 3769 τό·

291 3842 408 3881 πον
454 3812 562 3880 οὐκ
621 3815 747 3878 ἔστι
806 3816 1035 3898 ῥαδίως
1087 3812 1278 3895 εὑρεῖν
1335 3818 1440 3895 τῆς
1497 3814 1839 3896 οἰκουμένης
1897 3809 1965 3887 ὅς
2010 3814 2079 3879 οὗ
2139 3816 2584 3899 παραδέδεκται

289 3927 472 3989 τοῦτο
541 3922 612 3988 ui
686 3926 879 4003 φῦλον
945 3926 1078 4004 μηδ’
1147 3923 1555 4005 ἐπικρατεῖται
1619 3920 1715 3985 ὑπ’
1790 3921 1995 3988 αὐτοῦ.
2116 3929 2204 3992 Of.
2270 3930 2360 3990 De
2424 3930 2579 3991 bello

289 4040 434 4101 Jud.
478 4039 561 4113 H,
610 4037 712 4111 16,
759 4038 819 4098 4.

423 4146 491 4224 3)
535 4148 703 4219 Quod
754 4165 936 4224 supra
990 4146 1056 4206 in
1099 4146 1440 4208 universum
1480 4147 1934 4210 memoravimus
1947 4192 1963 4222 ,
2030 4147 2071 4207 J
2072 4149 2290 4210 udaeos
2333 4167 2441 4225 per
2482 4150 2577 4210 to-

152 4293 157 4298 ·
286 4262 421 4321 tum
461 4258 761 4320 Orientem
807 4256 989 4317 fuisse
1033 4256 1274 4317 diffusos
1290 4300 1306 4330 ,
1364 4255 1475 4316 hoc
1516 4255 1643 4316 loco
1688 4257 2019 4319 accuratius
2065 4258 2576 4335 explicaverimus:

290 4369 419 4441 Quo
462 4366 620 4428 enim
660 4368 926 4443 tempore
987 4366 1195 4445 religio
1239 4364 1578 4427 Christiana
1635 4366 1780 4427 fines
1828 4385 1963 4427 suos
2020 4367 2211 4445 coepit
2257 4368 2574 4445 prolatare,

281 4477 323 4538 J
324 4475 500 4540 udaei
537 4476 872 4538 incolebant
912 4474 1226 4554 imperium
1260 4475 1596 4540 Romanum
1638 4477 1700 4537 et
1741 4475 2086 4539 Parthicum
2104 4521 2122 4554 ,
2165 4476 2418 4539 multum
2460 4494 2566 4538 va-
