3123 5063
1427 1137 1488 1218 Ι.

445 1335 730 1402 Primum
771 1335 1047 1420 quidem,
1091 1372 1178 1382 —-
1222 1340 1292 1399 ut
1334 1335 1466 1400 iam
1509 1334 1596 1400 ad
1638 1355 1771 1400 rem
1813 1335 2022 1420 ipsam
2068 1336 2465 1421 accedamus,
2520 1373 2597 1384 —

315 1445 579 1511 maximi
620 1445 919 1531 ponderis
965 1445 1217 1511 exsistit
1261 1446 1574 1530 quaestio,
1621 1465 1901 1528 quanam
1942 1446 2344 1532 potissimum
2389 1452 2602 1511 aetate

315 1554 682 1621 Pesohittho
728 1555 989 1639 Nostra,
1046 1574 1237 1638 quam
1291 1554 1497 1640 aiunt,
1552 1560 1709 1620 nata
1754 1556 1856 1621 sit.
1932 1535 2076 1620 ‘Illa
2121 1554 2379 1639 quidem
2418 1560 2603 1621 vetus

319 1665 556 1750 opini0,
603 1665 694 1729 VI
718 1664 822 1730 vel
856 1664 980 1729 VII
1010 1664 1267 1729 saeculo
1298 1670 1445 1749 post
1474 1663 1590 1730 Oh.
1620 1685 1682 1730 n.
1711 1671 1823 1730 aut
1851 1664 2044 1750 paulo
2082 1670 2229 1751 post
2257 1663 2605 1750 Ephraemi

313 1775 467 1861 Syri
511 1779 778 1840 mortem
826 1773 894 1860 (†
936 1772 1101 1860 378)
1151 1772 1508 1839 confectum
1555 1793 1696 1839 esse
1741 1772 1864 1839 hoc
1908 1793 2099 1859 opUS,
2143 1774 2273 1838 iam
2317 1794 2360 1838 a
2399 1773 2605 1838 Wise-

315 1904 507 1949 mano
523 1881 574 1968 1)
609 1881 837 1947 merito
873 1887 970 1947 est
1014 1882 1313 1966 explosa3
1358 1901 1476 1947 1166
1519 1881 1864 1948 levissimis
1909 1882 2305 1965 argumentis
2333 1878 2606 1964 Dathe2)

316 1992 703 2061 sententiam
758 1990 1133 2076 8611116113),
1207 1990 1316 2074 qui
1375 1990 1745 2076 Simplicem
1798 2012 1879 2056 ex
1939 1990 2239 2075 Origenis
2297 1989 2611 2076 Hexaplis

317 2103 581 2169 fluxisse
627 2101 985 2185 statuebat,
1049 2099 1436 2185 profligavit.
1536 2101 1672 2167 Nec
1719 2099 2017 2185 deerant,
2087 2100 2197 2183 qui
2240 2099 2612 2165 memoriam

323 2210 657 2296 Syriacam
719 2208 952 2293 secuti,
1019 2208 1075 2273 si
1141 2229 1270 2274 non
1336 2208 1701 2274 Salomonis
1768 2215 1986 2273 tamen
2028 2208 2201 2274 Asae
2260 2205 2613 2274 sacerdotis

325 2319 527 2384 aetati
593 2318 952 2385 versionem
994 2318 1295 2383 Nostram
1362 2316 1782 2383 attribuerent
1794 2316 1866 2404 4).
1978 2317 2295 2397 Quoniam
2358 2316 2482 2381 hac
2547 2315 2614 2380 in

326 2427 757 2514 disputatione
825 2427 1033 2492 fontes
1099 2426 1405 2512 perpauci
1464 2427 1652 2492 nobis
1697 2427 2147 2513 suppeditant,
2213 2446 2323 2492 eos
2368 2446 2615 2492 summa

326 2539 668 2623 diligentia
723 2537 1160 2603 examinemus
1222 2542 1320 2602 est
1380 2556 1663 2602 necesse.
1765 2537 1975 2620 Atque
2020 2538 2171 2621 quia
2213 2536 2615 2623 Ephraemus

325 2647 526 2732 Syrus
572 2646 947 2729 Versionem
989 2647 1289 2713 Nostram
1343 2645 1525 2728 quasi
1588 2644 2073 2711 fundamentum
2131 2645 2615 2712 commentario-

327 2776 468 2820 rum
524 2776 666 2821 esse
719 2755 923 2820 voluit
977 2793 1058 2803 —-
1103 2755 1244 2840 ipse
1303 2754 1472 2820 enim
1530 2755 1854 2840 Simplicis
1913 2760 2137 2821 auctor
2194 2755 2370 2821 nullo
2429 2752 2617 2821 modo

329 2865 558 2931 haberi
626 2862 879 2950 potest5
920 2902 1007 2911 —
1049 2864 1275 2929 Pesch.
1340 2862 1516 2930 haud
1575 2864 1877 2948 ambigue
1939 2870 2089 2930 ante
2143 2864 2392 2929 initium
2450 2882 2619 2929 saec.

327 2973 419 3041 IV
462 2981 559 3041 est
616 2973 932 3041 absoluta.
1030 2973 1217 3053 Quod
1260 2980 1475 3039 autem
1518 2974 1631 3040 ille
1676 2975 1872 3040 semel
1915 2974 2283 3041 Peschittho
2334 2973 2624 3061 „Versio-

329 3110 479 3155 nem
521 3079 861 3157 Nostram“
915 3064 1241 3201 (43:232)
1286 3091 1662 3177 appellavit,
1704 3090 1992 3176 plerique
2036 3090 2407 3157 recentioris
2449 3094 2623 3154 aeta-

330 3208 417 3273 tis
459 3206 585 3274 viri
631 3205 836 3293 docti,
904 3207 1071 3272 hunc
1113 3206 1348 3271 librum
1388 3206 1739 3292 Ephraemi
1783 3213 2067 3294 tempore
2114 3229 2155 3272 a
2200 3206 2381 3291 Syris
2427 3205 2624 3288 vulgo

330 3320 691 3399 receptum,
753 3314 822 3379 in
887 3333 1006 3379 usu
1071 3333 1321 3396 quoque
1389 3314 1696 3380 canonico
1754 3313 2079 3399 floruisse,
2148 3310 2630 3379 contenderunt.

332 3422 588 3490 Deinde
617 3424 784 3488 hanc
822 3421 1186 3508 opinionem
1224 3422 1536 3489 adiuvare
1567 3422 1865 3489 videntur
1909 3444 1988 3489 ea
2016 3420 2364 3509 Ephraemi
2408 3421 2628 3502 verba,

469 3645 533 3721 1)
578 3647 779 3707 Horae
830 3645 1109 3722 Syriacae
1159 3645 1369 3706 107—
1382 3646 1528 3707 118.

471 3755 535 3831 2)
579 3755 943 3817 Psalterium
987 3756 1317 3832 Syriacum,
1355 3756 1543 3832 praef.
1589 3755 1721 3814 X—
1730 3756 1957 3818 XVIII.

469 3864 534 3942 3)
581 3866 1018 3944 Vorbereitung
1061 3886 1163 3926 zur
1223 3865 1663 3944 theologischen
1704 3867 2135 3927 Hermeneutik
2174 3868 2224 3927 I.
2270 3869 2637 3930 382—394.

471 3974 538 4050 4)
582 3975 909 4049 Eichhorn,
965 3974 1331 4053 Allgemeine
1390 3975 1736 4053 Einleitung
1794 3978 1905 4037 etc.
1949 3978 2006 4051 Ι,
2052 3978 2178 4038 476
2227 3996 2409 4055 seqq;
2475 3979 2637 4039 Hae-

337 4085 552 4149 vernik
595 4084 752 4144 Einl.
798 4086 889 4145 ed.
935 4084 1070 4144 Keil
1116 4086 1241 4146 403
1291 4104 1455 4162 seqq.

475 4192 540 4268 5)
584 4194 786 4254 Primo
832 4193 1003 4270 quasi
1047 4196 1291 4271 aspectu
1335 4194 1540 4253 Pesch.
1586 4195 1662 4255 ab
1718 4196 1983 4272 exemplo
2026 4195 2322 4257 Hebraico
2366 4213 2640 4257 manasse

336 4303 704 4365 intellexeris
718 4348 734 4379 ,
797 4302 962 4389 ouius
1005 4303 1243 4381 linguae
1286 4303 1690 4379 Ephraemum
1748 4304 2025 4383 ignarum
2081 4304 2264 4365 fuisse
2317 4305 2644 4366 luculenter

342 4412 779 4474 demonstravit
826 4412 1083 4473 Oredner
1129 4413 1243 4492 (De
1287 4413 1725 4491 Prophetarum
1772 4415 2067 4476 minorum
2109 4414 2397 4477 versionis
2443 4413 2648 4493 Syria-

343 4540 451 4586 cae
498 4522 699 4585 indole
745 4519 1050 4599 15—47).

2121 4632 2213 4698 1*
