3123 5063
244 4593 375 4874 l

1641 294 1725 358 32

526 462 926 549 pervenisse,
994 464 1174 531 cuius
1216 464 1312 530 rei
1353 440 1532 531 nulla
1577 466 1834 530 exstant
1876 461 2259 530 testimonia.
2372 463 2597 547 Neque
2639 462 2829 529 enim

518 571 725 640 solum
765 573 1016 641 litterae
1058 573 1458 659 Hebraicae,
1519 589 1850 657 sermoque
1897 570 2329 639 Ohaldaismis
2370 571 2607 639 mixtus
2628 621 2646 658 ,
2689 572 2823 639 sed

534 681 730 747 etiam
784 682 1097 750 versionis
1143 683 1584 768 intellegentia
1627 681 1796 768 fugit
1839 679 2256 747 Christianos.
2365 681 2575 764 Atque
2622 701 2835 766 quum

524 790 592 854 II
620 791 863 857 saeculi
905 791 1088 858 initio
1111 793 1188 858 N.
1211 792 1285 857 T.
1309 791 1576 876 Syriace
1596 788 2105 869 transscribetur,
2152 790 2288 856 eius
2317 789 2652 876 interpres,
2692 789 2834 855 eba

529 918 915 983 quamquam
971 900 1207 984 ubique
1240 898 1386 991 ‚fere
1429 898 1590 961 κατὰ
1636 895 1821 962 πόδα
1866 897 2228 983 exemplum
2273 898 2589 966 Graecum
2634 918 2831 965 secu-

528 1013 631 1076 tus
677 1014 801 1096 est,
843 1009 1159 1076 interdum
1201 1014 1419 1075 tamen
1460 1008 1637 1075 locos
1681 1006 1930 1073 Veteris
1973 1008 2046 1072 T.
2088 1007 2154 1073 in
2200 1008 2384 1074 Novo
2427 1007 2727 1075 laudatos
2775 1029 2824 1075 e

525 1118 751 1186 Pesch.
793 1120 1028 1186 Nostra
1056 1120 1262 1205 affert,
1304 1118 1497 1203 idque
1541 1137 1686 1183 raro
1709 1117 1778 1203 ¹).
1865 1117 1936 1184 Si
1980 1117 2188 1184 versio
2234 1123 2457 1185 nostra
2507 1124 2640 1184 tum
2680 1119 2822 1184 iam

527 1229 910 1315 pervulgata
974 1229 1097 1296 fuit
1160 1227 1334 1315 apud
1378 1227 1808 1312 ChristianOS,
1873 1225 2188 1313 interpres
2230 1228 2310 1294 N.
2355 1229 2429 1294 Τ.
2494 1227 2667 1295 locos
2730 1227 2820 1294 de

529 1337 605 1403 V.
675 1339 750 1404 T.
807 1337 1103 1406 laudatos
1171 1338 1415 1423 ubique
1475 1335 1564 1404 ad
1625 1334 1992 1422 Simplicem
2034 1337 2354 1404 Nostram
2417 1337 2822 1406 conformare

532 1444 772 1514 debuit.

657 1555 846 1636 Quod
924 1563 1308 1624 momentum
1375 1561 1683 1641 quantum
1752 1554 2061 1640 Syrorum
2126 1556 2375 1624 animos
2443 1556 2804 1644 offenderit,

525 1665 678 1735 inde
717 1667 868 1734 licet
907 1666 1158 1754 colligi,
1223 1666 1397 1751 quod
1440 1664 1953 1732 Bar-Hebraeus
1997 1665 2165 1731 hanc
2211 1666 2292 1732 ob
2338 1686 2602 1733 causam
2645 1667 2803 1734 Sim-

522 1784 677 1869 plici
747 1785 1024 1852 Nostrae
1100 1803 1324 1870 parum
1395 1781 1614 1849 tribuit
1696 1782 2126 1851 auctoritatis:
2204 1778 2476 1866 iti-guaz>
2522 1781 2795 1869 Mna-822

521 1926 730 2014 ἰμκῠ
924 1947 945 1970 ’
998 1919 1178 2007 2:³0⁴
1235 1917 1476 2028 05:122
1529 1924 1933 2012 itm-⁸⁵:³³0
1993 1919 2250 2006 bom-
2298 1915 2520 2004 laium
2571 1917 2805 2026 *2122

520 2066 714 2174 3-2-50
779 2061 1219 2139 ΜΟ
1308 2083 1444 2164 κεὲα
1512 2069 1697 2157 abbi?
1772 2070 2030 2158 llozmo
2084 2058 2440 2139 lem-’³22
2524 2095 2620 2157 «σε
2690 2060 2809 2148 lam

524 2207 978 2303 ῙΔΔΔΩΔ
1040 2207 1199 2316 329»
1253 2206 1630 2318 amala-,2
1732 2218 2135 2307 „Simplicem
2175 2218 2569 2304 versionem,
2640 2232 2809 2301 quae

525 2339 623 2403 est
686 2333 755 2399 in
816 2332 1115 2401 manibus
1158 2332 1498 2421 Syrorum,
1564 2333 1789 2402 rudem
1833 2356 2006 2423 esse,
2070 2337 2255 2402 LXX
2296 2356 2449 2403 vero
2492 2336 2809 2422 interpp.,

524 2464 690 2528 quae
737 2448 835 2510 est
886 2443 956 2509 in
997 2441 1294 2510 manibus
1340 2443 1735 2512 Graecorum
1751 2495 1770 2533 ,
1832 2494 1849 2512 .
1894 2495 1911 2512 .
1954 2495 1971 2511 .
2029 2450 2350 2534 exactam,
2414 2444 2808 2533 respondent

655 2634 718 2711 1)
756 2638 829 2697 In
899 2636 1170 2713 Epistola
1237 2638 1314 2699 ad
1377 2639 1648 2699 Hebraos
1719 2638 1876 2699 locos
1948 2638 2259 2699 nonnullos
2330 2656 2464 2699 cum
2528 2639 2805 2716 Simplice

517 2745 745 2807 Nostra
808 2747 1159 2807 concordare
1229 2747 1350 2808 iam
1408 2747 1710 2809 Michaelis
1755 2747 2123 2826 (Einleitung
2177 2747 2242 2806 in
2313 2747 2408 2807 die
2475 2748 2803 2826 gottlichen

519 2853 817 2917 Schriften
872 2855 974 2915 des
1018 2854 1227 2915 Neuen
1269 2856 1507 2917 Bundes
1554 2856 1612 2917 1.
1655 2855 1821 2915 Theil
1865 2856 1988 2917 363
2035 2852 2228 2933 seqq.)
2272 2856 2548 2935 cognovit
2562 2902 2578 2932 ,
2644 2857 2803 2917 unde

523 2962 787 3038 coniecit,
829 2963 982 3023 hanc
1009 2963 1358 3039 Epistolam‚
1404 2982 1524 3025 non
1546 2962 1809 3023 eiusdem
1834 2961 2179 3039 interpretis
2204 2980 2331 3025 esse
2361 2964 2541 3041 atque
2566 2965 2802 3025 veteros

520 3070 601 3131 N.
643 3072 708 3130 T.
755 3069 984 3148 Syriaci
1024 3070 1207 3131 libros
1223 3116 1239 3146 ,
1296 3072 1478 3131 immo
1521 3069 1847 3148 posteriore
1890 3071 2153 3147 tempore
2210 3071 2274 3131 in
2316 3090 2646 3133 sermonem
2688 3073 2801 3149 Sy-

517 3180 744 3241 riacum
784 3178 1141 3240 translatam
1183 3196 1310 3239 esse
1327 3223 1343 3253 ,
1403 3179 1560 3256 quod
1618 3197 1738 3239 non
1778 3178 2073 3240 versimile
2115 3182 2371 3257 putabat
2385 3227 2401 3257 ,
2455 3182 2645 3243 Vetus
2689 3182 2799 3242 Te-

519 3289 882 3349 stamentum
924 3288 1088 3365 prius
1131 3304 1168 3346 a
1212 3284 1565 3346 Christianis
1609 3285 1776 3361 Syris
1819 3285 2246 3363 transcriptum
2289 3307 2415 3349 esse
2451 3309 2630 3366 quam
2673 3288 2800 3350 No-

516 3414 675 3457 vum.
764 3395 836 3454 Id
878 3413 1019 3457 vero
1063 3393 1259 3472 colligi
1298 3413 1416 3454 non
1458 3394 1677 3470 potest,
1724 3393 2001 3470 quoniam
2033 3394 2294 3456 omnium
2322 3396 2609 3458 librorum
2636 3398 2715 3459 N.
2730 3399 2799 3460 T.

517 3503 719 3581 plures
786 3501 898 3562 loci
962 3518 1096 3560 cum
1162 3501 1435 3578 Simplice
1491 3500 1719 3562 Nostra
1775 3502 2147 3563 concordant.
2209 3503 2352 3580 (vid.
2414 3507 2680 3583 exempla
2735 3483 2839 3566 in⁴

518 3608 855 3687 appendice.
896 3605 973 3685 I.)
1059 3608 1405 3670 Rectissime
1447 3610 1570 3671 iam
1612 3609 1755 3688 Hug
1768 3654 1785 3684 ‚
1844 3611 1958 3670 etsi
1997 3630 2210 3687 parum
2251 3613 2382 3672 tum
2426 3617 2555 3675 erat
2600 3615 2799 3694 cogni-

515 3719 649 3777 tum
709 3718 780 3777 de
835 3717 1039 3777 Pesch.
1106 3720 1324 3778 natura
1391 3718 1705 3794 indoleque
1719 3763 1736 3793 ‚
1804 3718 2091 3796 originem
2145 3718 2186 3778 J
2187 3720 2458 3781 udaieam
2519 3723 2800 3797 coniecit3

514 3825 679 3885 Dicit
721 3825 910 3885 enim:
975 3825 1122 3885 »das
1141 3871 1155 3900 ,
1215 3844 1332 3888 was
1375 3845 1517 3887 man
1557 3845 1677 3888 von
1720 3826 1834 3885 den
1878 3826 2150 3887 Christen
2200 3830 2549 3890 vermuthen
2606 3830 2797 3905 sollte,

519 3933 657 3994 dass
714 3933 799 3993 sie
861 3933 968 3994 das
1008 3932 1150 3993 Alte
1193 3932 1350 3991 Test.
1407 3931 1571 3992 nicht
1633 3953 1740 3995 vor
1806 3934 1939 3993 dem
1985 3935 2193 3995 Neuen
2250 3937 2549 3996 ubersetzt
2604 3937 2799 3998 haben

515 4044 766 4117 werden,
809 4061 950 4122 mag
993 4041 1308 4102 immerhin
1349 4042 1512 4103 wahr
1557 4042 1708 4116 sein3
1753 4040 1895 4103 aber
1938 4043 2044 4105 wie
2086 4052 2238 4106 ware
2282 4065 2343 4107 es
2386 4065 2555 4109 wenn
2598 4065 2660 4108 es
2705 4047 2799 4109 die

515 4150 556 4210 J
557 4151 712 4212 uden
735 4152 956 4231 gethan
996 4152 1245 4212 hatten?
1289 4150 1385 4211 Sie
1426 4150 1693 4211 konnten
1729 4152 1797 4229 ja
1835 4153 2009 4232 lange
2049 4154 2155 4214 her
2199 4155 2295 4214 ein
2337 4156 2626 4234 syrisches
2651 4157 2799 4218 Tar-

516 4281 657 4341 gum
719 4262 915 4321 haben
961 4303 1285 4322 ......
1330 4259 1423 4319 die
1485 4279 1594 4323 vor
1655 4279 1767 4321 uns
1838 4263 2102 4341 liegende
2144 4264 2470 4325 Thatsache
2523 4266 2799 4346 verlangt

515 4390 578 4433 es
623 4390 708 4447 so,
750 4372 875 4431 und
919 4370 1079 4430 dann
1116 4370 1388 4431 erklaren
1431 4369 1554 4430 sich
1594 4369 1832 4432 hieraus
1874 4372 2025 4433 noch
2079 4373 2214 4436 zwei
2270 4373 2485 4434 andere
2528 4374 2802 4437 Erschei-

522 4500 761 4574 nungen
804 4483 914 4543 etc.
959 4481 1025 4563 (1.
1070 4481 1111 4543 l.
1151 4500 1288 4561 pag.
1336 4477 1506 4557 130).
