3123 5063
1609 283 1688 344 28

510 453 739 521 mirum
807 461 1061 523 exstare
1130 473 1507 523 consensum
1550 455 1718 521 inter
1762 453 2071 539 quosdam
2113 454 2436 541 Simplicis
2481 461 2547 522 et
2585 453 2772 521 LXX

509 563 780 651 interpp.
844 565 1037 633 locos.
1079 565 1350 632 Etiamsi
1391 565 1623 632 multos
1669 586 1749 631 ex
1789 564 2235 632 emendatione
2278 563 2600 650 profectos
2644 584 2792 632 esse

509 674 947 761 concedimus,
1012 697 1142 744 non
1182 677 1393 743 ubivis
1438 675 1525 742 ad
1566 676 1689 743 hoc
1732 675 2083 742 remedium
2126 681 2225 742 est
2269 675 2790 760 confugiendum„

509 785 583 852 Si
642 805 795 853 vero
859 792 1030 853 recte
1092 786 1416 872 videmus,
1490 807 1620 854 non
1684 791 2017 872 tantopere
2077 786 2372 871 integrae
2428 786 2787 854 sententiae

510 914 703 979 quam
762 896 1057 981 singulae
1120 917 1312 965 voces
1376 898 1544 964 inter
1614 917 1685 964 se
1728 902 2102 981 congruunt.
2207 896 2557 964 Occurrunt
2598 898 2785 965 nobis

509 1005 827 1072 interdum
892 1006 1048 1092 loci,
1113 1008 1226 1074 ubi
1293 1006 1379 1074 ad
1441 1008 1721 1074 litteram
1765 1006 1900 1073 fere
1943 1006 2262 1073 vocabula
2307 1006 2564 1092 singula
2610 1013 2673 1073 et
2716 1007 2785 1073 in

508 1116 732 1183 Pesch.
776 1123 840 1184 et
880 1117 949 1183 in
976 1117 1161 1183 LXX
1189 1117 1484 1184 versione
1527 1117 1693 1183 inter
1736 1137 1807 1184 se
1852 1118 2270 1202 conveniunt3
2316 1137 2523 1201 neque
2566 1122 2787 1183 tamen

509 1225 781 1293 eandem
825 1224 1109 1292 efficiunt
1150 1227 1282 1294 vim
1322 1227 1793 1293 sententiarum.
1880 1225 2214 1293 Eiusmodi
2259 1226 2573 1312 exempla,
2617 1246 2787 1310 quae

509 1336 653 1422 plus
685 1336 974 1404 minusve
1017 1338 1087 1403 in
1132 1338 1426 1405 omnibus
1453 1337 1822 1424 Scripturae
1851 1337 2091 1404 Sacrae
2135 1336 2335 1422 libris,
2381 1337 2787 1420 maximeque

507 1446 576 1512 in
619 1446 922 1532 PsalmiS,
987 1453 1272 1533 exstant,
1317 1468 1447 1514 non
1492 1446 1723 1513 docent
1766 1447 1949 1532 Syris
1993 1445 2446 1531 interpretibus
2489 1444 2789 1531 suppedi-

507 1560 682 1621 tasse
723 1555 908 1621 LXX
950 1556 1224 1642 interpp.
1268 1555 1647 1640 versionem,
1695 1555 1998 1638 quoniam
2041 1553 2374 1621 translatio
2420 1553 2630 1639 magis
2676 1553 2785 1620 de-

508 1664 748 1732 bebant
775 1665 1160 1751 respondere
1189 1656 1567 1750 argumento
1597 1671 1993 1749 naturaeque
2016 1664 2492 1732 sententiarum.
2580 1665 2787 1744 Quum

507 1796 660 1843 vero
703 1769 989 1861 Simplex
1036 1781 1100 1842 et
1141 1777 1327 1842 LXX
1366 1776 1639 1861 interpp.
1711 1776 1982 1842 eundem
2028 1780 2394 1842 contextum
2438 1779 2780 1859 sequantur

507 1885 892 1968 vocibusque
919 1884 1190 1951 eandem
1232 1885 1364 1950 vim
1393 1885 1755 1971 subiiciant,
1800 1884 2001 1953 nihilo
2028 1885 2234 1952 secius
2275 1890 2550 1968 utraque
2580 1882 2788 1950 versio

507 2013 623 2081 per
647 2013 717 2060 se
739 1993 884 2080 ipsa
917 1994 997 2060 de
1022 1994 1311 2079 exemplo
1340 1994 1661 2060 Hebraico
1694 2000 1792 2060 est
1824 1992 2133 2060 derivata.
2204 1993 2571 2061 Communis
2591 1992 2793 2076 igitur

504 2103 587 2169 iis
631 2109 729 2169 est
770 2125 890 2189 par
931 2104 1238 2170 similisve
1263 2103 1767 2170 Palaestinensis
1796 2103 2264 2188 interpretatio3
2311 2122 2477 2186 quae
2510 2119 2614 2168 res
2647 2100 2794 2185 ipsa

505 2233 636 2280 non
675 2213 936 2280 multum
985 2213 1288 2300 temporis
1321 2213 1488 2279 inter
1531 2213 1679 2280 illas
1725 2213 2051 2280 versiones
2098 2212 2334 2280 distare
2382 2212 2794 2280 demonstrat·

508 2323 766 2390 Certum
797 2323 1054 2407 quidem
1082 2325 1385 2409 temporis
1413 2329 1817 2409 momentum,
1850 2344 1973 2408 quo
1993 2330 2056 2389 et
2077 2323 2262 2388 LXX
2275 2323 2546 2410 interpp.
2576 2323 2789 2389 versio

509 2438 573 2500 et
594 2432 882 2518 Simplex
925 2438 1120 2500 natae
1161 2434 1310 2520 sint,
1351 2455 1481 2500 non
1522 2439 1735 2520 potest
1762 2433 1975 2499 statui.
2062 2433 2227 2498 Nam
2271 2437 2541 2516 utraque
2579 2431 2793 2498 versio

508 2564 545 2609 e
600 2543 984 2610 necessitate
1048 2544 1326 2629 quadam
1382 2545 1605 2631 populi
1649 2551 1747 2613 est
1820 2544 2141 2632 profecta,
2195 2544 2387 2628 idque
2421 2543 2792 2631 paullatim3

506 2671 625 2717 nec
670 2652 942 2737 cogitari
980 2659 1192 2738 potest
1236 2652 1317 2720 de
1357 2673 1485 2721 uno
1510 2654 1813 2739 temporis
1855 2659 2173 2721 momento
2215 2654 2320 2721 vel
2364 2653 2445 2719 de
2470 2674 2597 2720 uno
2643 2672 2794 2718 auc-

507 2767 678 2845 tore,
753 2781 876 2845 quo
920 2761 1162 2829 factum
1208 2769 1304 2829 est
1319 2814 1336 2847 ,
1402 2769 1473 2829 ut
1534 2761 1790 2829 diversa
1841 2769 2009 2829 esset
2060 2764 2337 2850 partium
2396 2765 2793 2851 singularum

506 2867 1091 2936 transferendarum
1135 2872 1320 2954 ratio,
1365 2892 1530 2955 quae
1573 2872 1830 2957 quidem
1868 2892 1971 2939 res
2014 2892 2145 2939 non
2187 2875 2397 2941 minus
2440 2880 2794 2961 temporum

507 2999 700 3064 quam
759 2985 1089 3047 auctorum
1147 2982 1526 3047 varietatem
1601 2983 2007 3067 comprobat3
2083 3004 2233 3049 nam
2293 2982 2556 3050 difficile
2611 2991 2796 3052 tanta

503 3088 821 3157 sentiendi
866 3094 929 3155 et
973 3088 1228 3157 dicendi
1271 3090 1666 3177 intellegitur
1712 3090 2159 3178 discrepantia,
2226 3092 2283 3158 si
2326 3099 2609 3160 auctores
2651 3101 2794 3161 tan-

504 3206 639 3267 tum
693 3199 1047 3285 complures
1064 3199 1114 3286 1)
1160 3206 1535 3268 statuamus.
1624 3202 1831 3286 Atque
1859 3223 2052 3286 quum
2093 3202 2303 3269 versio
2332 3203 2795 3293 Alexandrina,

506 3409 781 3460 nunna:
836 3408 1014 3462 '5¹:³02
1063 3408 1277 3482 ῬἽἹρῚ
1328 3410 1569 3481 '3³:12³'st
1655 3399 1939 3460 Videmus
1981 3399 2168 3478 igitur
2200 3400 2432 3460 fabulas
2476 3400 2547 3459 de
2590 3399 2794 3461 Pesch.

505 3510 566 3569 et
606 3507 765 3568 LXX
809 3508 1034 3587 origine
1080 3509 1350 3571 confusas
1367 3556 1384 3585 ‚
1444 3509 1720 3585 quoniam
1764 3510 2123 3570 Monobazus
2165 3511 2225 3569 et
2269 3510 2459 3569 Izates
2502 3509 2608 3568 filii
2657 3512 2793 3568 Pto-

503 3621 708 3677 lomaei
748 3619 1144 3695 appellantur.

644 3725 707 3802 1)
753 3728 1054 3799 Quomodo
1097 3747 1223 3788 rem
1268 3731 1680 3805 absolvamuS,'
1709 3730 1758 3790 si
1804 3749 1922 3790 non
1958 3730 2254 3790 Judaeum
2299 3730 2605 3813 auctorem·
2642 3728 2797 3790 Sim-

505 3837 672 3914 plicis
715 3837 896 3897 fuisse
941 3856 1270 3910 censemuS,
1329 3840 1552 3899 nescire
1597 3858 1692 3898 me
1734 3839 2033 3916 profiteor.
2122 3837 2273 3909 Quia
2312 3856 2452 3900 vero
2493 3838 2796 3917 ingenium

504 3946 546 4006 J
545 3947 820 4007 udaicum
860 3947 1054 4008 ubivis
1102 3948 1332 4023 emicat,
1377 3950 1689 4010 minimum
1734 3951 1809 4009 ad
1852 3949 1892 4008 J
1894 3947 2483 4010 udaeo-Ohristianos
2527 3949 2617 4007 est
2661 3966 2798 4008 con-

505 4055 866 4134 fugiendum.
955 4057 1037 4115 Hi
1105 4057 1340 4134 quidem
1395 4078 1578 4135 aeque
1636 4060 1872 4137 linguae
1939 4058 2268 4119 Hebraicae
2327 4077 2394 4118 ac
2452 4056 2796 4118 traditionis

505 4163 867 4224 Judaeorum
912 4164 1082 4241 gnari
1124 4171 1312 4222 codem
1355 4177 1621 4242 tempore,
1666 4186 1853 4244 neque
1900 4169 2105 4227 tamen
2148 4167 2393 4227 eandem
2440 4166 2622 4225 secuti
2663 4184 2798 4227 ver-

507 4273 674 4332 tendi
725 4272 1018 4332 rationem
1077 4293 1223 4349 opus
1282 4274 1597 4335 confecisse
1656 4278 1851 4334 essent
1904 4274 2181 4355 fingendi.
2268 4273 2427 4343 Quae
2486 4292 2580 4333 res
2622 4273 2797 4335 nimis

511 4381 588 4441 ad
639 4380 1084 4441 similitudinem
1129 4382 1375 4461 originis
1443 4382 1747 4443 fabulosae
1764 4429 1779 4457 ,
1850 4401 1998 4459 quae
2053 4381 2312 4445 versioni
2344 4379 2503 4440 LXX
2542 4380 2800 4460 interpp.
2900 4433 2906 4437 ,

498 4489 802 4566 tribuitur,
841 4489 1189 4554 concinnata
1227 4492 1482 4569 videtur,
1529 4510 1709 4569 quam
1752 4491 1822 4551 ut
1863 4490 2037 4552 fidem
2079 4491 2132 4550 ei
2175 4490 2521 4553 habeamus.
