3123 5063
1387 327 1477 408 a?

1376 1010 1479 1096 II.

431 1261 703 1349 Psalmi,
748 1261 858 1346 qui
900 1261 969 1327 in
1011 1261 1234 1328 Pesch.
1294 1263 1756 1330 inscribuntur:
1803 1284 1954 1360 5⁴02?
2020 1261 2306 1347 boscum
2387 1251 2578 1347 2252

305 1399 510 1481 21:220
551 1395 828 1518 lar-Kx),
873 1412 944 1471 ut
997 1406 1067 1471 in
1110 1406 1495 1474 editionibus
1518 1406 1875 1491 Hebraicis,
1917 1405 2011 1471 ita
2052 1407 2122 1472 in
2164 1405 2469 1492 Simplice
2510 1407 2579 1472 in
2679 1398 2682 1401 ⁴

301 1522 361 1587 V
402 1521 599 1588 libros
643 1527 792 1588 sunt
835 1520 1026 1586 divisi
1071 1522 1202 1606 (Ps.
1248 1528 1404 1589 extr.
1450 1524 1623 1608 XLI,
1665 1521 1934 1606 LXXII,
1978 1521 2344 1606 LXXXIX,
2387 1520 2583 1605 CVI).

299 1627 397 1694 Ca
400 1627 607 1714 pitum
648 1625 1011 1693 distributio
1072 1646 1271 1710 usque
1328 1628 1416 1694 ad
1457 1628 1561 1695 Ps.
1607 1627 1817 1694 CXIV
1859 1626 2115 1693 omnino
2174 1624 2452 1710 quadrat
2495 1623 2583 1690 ad

301 1741 620 1821 nostram,
695 1735 800 1801 Ps.
861 1733 1069 1800 CXIV
1134 1739 1199 1799 et
1259 1733 1435 1801 CXV
1504 1737 1574 1801 in
1636 1735 1940 1820 Simplice
2015 1755 2209 1800 unum
2264 1732 2584 1819 efficiunt,

303 1840 605 1908 CXLVII
646 1841 717 1907 in
760 1838 923 1906 duas
963 1846 1175 1925 partes
1217 1838 1597 1906 discernitur
1619 1840 1687 1927 1).
1773 1838 2157 1906 Distributio
2186 1842 2400 1904 autem
2443 1857 2584 1905 ver-

308 1975 495 2023 suum
555 1931 936 2071 (RQ)
1004 1954 1197 2041 plane
1253 1976 1297 2021 a
1354 1962 1574 2023 nostra
1629 1956 1878 2023 ratione
1936 1954 2239 2041 discedit,
2319 1974 2584 2039 quorum

308 2071 566 2156 quidem
623 2090 920 2138 numerus
994 2070 1314 2157 capitibus
1384 2071 1861 2158 praescribitur.
1963 2071 2198 2138 Textui
2266 2070 2585 2138 interdum

306 2180 625 2267 quaedam
667 2181 1029 2248 inseruntur
1076 2180 1393 2248 vocabula
1408 2231 1425 2266 ,
1486 2200 1651 2265 quae
1712 2178 1802 2246 ad
1843 2198 2029 2246 usum
2086 2179 2454 2265 liturgicum
2495 2217 2584 2229 —

305 2296 392 2363 sit
434 2297 630 2364 venia
672 2296 867 2363 verbo
923 2333 1023 2381 —,
1066 2296 1388 2382 suspicor,
1446 2295 1831 2382 respiciunt,
1891 2294 2065 2362 velut
2109 2289 2374 2409 loom,
2420 2315 2588 2380 quae

307 2433 436 2479 vox
489 2413 558 2477 in
600 2412 822 2479 Pesch.
882 2418 952 2478 ut
1011 2432 1180 2478 nunc
1225 2417 1472 2496 exstat,
1514 2411 1738 2509 novies
1758 2409 1810 2497 ²)
1867 2410 2135 2498 legitur,
2179 2411 2296 2478 sed
2365 2412 2585 2498 procul

309 2520 506 2590 dubio
565 2527 664 2589 est
706 2520 1102 2609 habendum,
1168 2520 1292 2589 hoc
1354 2541 1665 2608 persaepe
1707 2520 2100 2607 temporibus
2154 2522 2587 2608 superioribus

310 2631 379 2697 in
408 2631 718 2698 Versione
743 2632 978 2698 Nostra
1009 2650 1149 2697 esse
1173 2630 1579 2716 perhibitum.
1646 2631 1814 2697 Nam
1855 2668 1943 2678 -
1984 2636 2054 2696 ut
2088 2632 2589 2717 praemittamus,

314 2759 477 2823 quae
537 2739 710 2805 infra
786 2739 1042 2825 copiose
1102 2739 1561 2805 illustrabimus
1619 2777 1707 2787 -
1762 2738 1970 2805 nullus
2037 2739 2201 2805 liber
2259 2740 2589 2808 Versionis

314 2847 620 2933 Syriacae
663 2854 794 2914 tam
835 2846 1068 2914 multas
1111 2848 1504 2934 corruptelas
1545 2867 1887 2934 perpessus
1937 2854 2036 2915 est
2080 2855 2144 2915 et
2186 2851 2591 2938 mutationes,

311 2976 503 3040 quam
529 2954 788 3041 Psalmi,
831 2955 941 3039 qui
982 2941 1331 3040 antiquitus
1374 2956 1443 3022 in
1484 2957 1772 3023 ecclesiis
1815 2955 1903 3023 ad
1946 2959 2344 3044 precationes
2389 2966 2454 3026 et
2495 2980 2591 3026 re—

310 3064 586 3150 ligiones
631 3084 674 3130 a
716 3064 901 3130 laicis
946 3064 1419 3133 adhibebantur
1448 3071 1512 3131 et
1554 3063 1643 3130 ad
1684 3085 1868 3132 usum
1902 3066 2222 3152 privatum
2267 3067 2591 3156 descripti,

311 3194 354 3240 a
396 3173 675 3240 librariis
713 3172 978 3239 multum
1003 3174 1231 3242 coloris
1274 3174 1527 3260 pristini
1548 3175 1931 3242 amittebant
1943 3174 2015 3262 ³).
2086 3178 2393 3256 Quamvis
2435 3198 2589 3246 vero

448 3439 512 3519 1)
556 3441 629 3500 In
671 3439 829 3500 LXX
890 3440 1145 3517 interpp.
1196 3411 1464 3502 versione
1502 3441 1733 3503 ‘Psalmi
1774 3441 1860 3503 IX
1884 3445 1965 3502 'et
2008 3443 2062 3501 X
2104 3461 2289 3504 unum
2333 3444 2593 3504 efficiunt

312 3547 428 3627 (Cf.
472 3549 787 3610 Tossafoth
816 3550 1015 3629 Megil.
1065 3551 1142 3611 17
1169 3548 1255 3627 b.)
1296 3550 1444 3611 item
1464 3552 1665 3613 CXIV
1694 3554 1753 3612 et
1781 3552 1935 3614 CXV
1955 3573 1970 3626 3
2017 3552 2205 3613 CXVI
2235 3555 2296 3613 et
2324 3554 2595 3641 CXLVII

314 3657 379 3717 in
423 3658 596 3719 binas
637 3661 840 3736 partes
874 3659 1274 3719 dissecantur.

448 3766 514 3843 2)
557 3767 629 3826 In
651 3768 902 3828 Psalmis
933 3768 1233 3842 XXXVII,
1270 3768 1384 3840 213
1415 3767 1689 3844 LXVIII,
1726 3771 1841 3843 183
1870 3771 2077 3846 LXIX,
2110 3772 2225 3845 193
2265 3769 2593 3847 LXXVIII,

319 3877 433 3949 513
499 3874 813 3950 LXXXIX,
861 3878 982 3950 253
1055 3877 1207 3951 CIV,
1254 3877 1369 3949 183
1435 3876 1570 3951 CV,
1621 3879 1735 3951 223
1802 3880 1965 3955 CVI,
2029 3883 2146 3955 233
2214 3881 2411 3955 CVII,
2475 3882 2593 3954 213

315 3992 493 4069 Apud
535 3992 660 4054 Bar
676 4028 700 4041 -
717 3993 1056 4054 Hebraeum
1099 3991 1198 4052 Ps.
1242 3992 1498 4053 LXVIII
1516 4039 1532 4068 ,
1598 3995 1675 4054 18
1721 3996 1832 4056 hoc
1873 3983 2123 4068 loom-2>
2182 4016 2302 4057 non
2357 3996 2597 4075 legitur.

317 4107 442 4188 (Ps.
487 4109 741 4169 LXVIII
787 4110 860 4169 ed
903 4106 1253 4186 Knoblooh).

318 4243 324 4250 ·
449 4216 514 4296 3)
556 4218 753 4279 Dathe
795 4219 906 4278 hoc
949 4220 1299 4296 argumento
1345 4218 1536 4293 nixus,
1583 4214 1919 4296 Simplicem
1962 4223 2334 4283 Psalmorum
2379 4241 2410 4281 e
2454 4219 2599 4283 Bib-

313 4327 411 4389 liis
436 4327 795 4407 Polyglottis
821 4327 1253 4388 Parisiensibus
1299 4331 1359 4386 et
1389 4327 1861 4390 Londinensibus
1898 4333 2234 4392 mutuatam
2261 4330 2429 4390 nihili
2472 4349 2599 4391 esse

320 4438 642 4499 faciendam
689 4438 879 4500 voluit
896 4482 911 4510 ,
976 4438 1133 4515 quod
1184 4437 1302 4523 *hae
1363 4437 1648 4498 editiones
1709 4457 1779 4499 ex
1837 4441 2266 4517 exemplaribus
2308 4442 2382 4500 ad
2425 4458 2599 4526 usum

317 4547 603 4609 laicorum
647 4546 960 4608 destinatis
1005 4548 1202 4606 essent
1244 4546 1575 4623 descriptae
1619 4544 1685 4625 (1.
1728 4546 1768 4609 1.
1813 4549 1997 4625 praef.
2044 4547 2279 4629 XXIX).
