3123 5063
1627 312 1710 376 14

643 482 853 567 Atque
916 483 1190 569 primum
1257 481 1547 567 quaestio
1615 488 1712 547 est
1755 479 2188 566 absolvenda,
2260 479 2516 547 cuinam
2560 476 2806 548 addicti

512 590 749 658 fuerint
804 594 1104 678 religioni
1147 592 1470 678 Simplicis
1513 599 1840 677 auctores,
1899 611 2026 674 qua
2089 592 2156 656 in
2200 612 2269 657 re
2314 592 2471 657 mire
2514 591 2682 656 inter
2725 610 2796 657 se

517 701 641 768 viri
687 702 858 767 dooti
920 703 1321 770 dissentiunt.
1434 703 1600 768 Nam
1645 700 1961 767 Ricardus
2008 700 2229 768 Simon
2272 701 2649 788 interpretes
2692 721 2808 766 na-

518 811 693 878 tione
737 812 1023 879 Judaeos
1065 812 1265 879 fuisse
1308 811 1512 878 voluit
1533 810 1603 899 ¹).
1688 810 2013 897 Hirzel2)‚
2068 809 2304 877 Kirseh
2322 809 2376 898 3)
2422 810 2736 877 Gesenius
2750 807 2805 896 4)

520 920 634 987 alii
696 942 811 1007 pro
856 923 1113 989 homine
1158 922 1522 988 Christiano
1569 926 2054 1007 pugnaverunt3
2121 921 2334 986 Dathe
2354 919 2407 1008 ⁵)
2453 941 2604 988 vero
2652 919 2810 986 dua-

516 1034 638 1098 bus
683 1033 1015 1099 sententiis
1066 1032 1448 1117 oonoiliatis‚
1490 1033 1530 1098 J
1534 1029 2209 1097 udaeo·Christianum
2253 1031 2501 1117 statuit,
2544 1031 2809 1114 eiusque

520 1142 887 1228 opinionem
930 1142 1263 1210 Noeldeke
1283 1140 1333 1228 6)
1402 1147 1464 1206 et
1527 1140 1786 1227 plurimi
1852 1160 1932 1205 ex
1976 1140 2394 1226 Isagogistis‚
2460 1141 2570 1224 qui
2609 1138 2810 1205 nomi-

517 1257 768 1330 nantur,
813 1251 1261 1317 laudaverunt.
1345 1248 1761 1315 Wiohelhaus
1807 1248 2063 1333 quidem
2101 1269 2316 1315 seeum
2359 1249 2499 1334 ipse
2543 1254 2809 1335 pugnat,

524 1381 717 1445 quum
784 1360 956 1448 11107)
1029 1361 1341 1444 originem
1406 1359 1837 1426 Christianam
1899 1359 2161 1425 studeat
2231 1360 2542 1445 probare,
2608 1358 2738 1424 illie
2756 1356 2810 1445 ⁸)

524 1470 893 1557 Simplicem
955 1471 1133 1536 Izate
1177 1468 1427 1537 Judaeo
1500 1476 1737 1556 agente
1803 1470 1872 1534 in
1924 1469 2298 1536 Palaestina
2364 1469 2604 1535 factam
2670 1487 2811 1535 esse

527 1586 803 1648 censeat.
2563 1597 2566 1601 ·

654 1692 893 1756 Nostra
960 1688 1211 1754 demum
1271 1693 1484 1754 aetate
1527 1687 1749 1754 Perles
1795 1709 1875 1754 ex
1919 1688 2170 1752 interna
2215 1687 2538 1773 Simplicis
2580 1691 2812 1753 natura

526 1807 851 1867 auctorem
898 1798 1232 1863 Iudaicum
1300 1797 1763 1864 demonstravit
1827 1803 1889 1863 et
1931 1797 2242 1880 originem
2285 1817 2456 1863 mere
2502 1796 2812 1862 Christia-

526 1931 676 1976 nam
724 1908 976 1994 penitus
1021 1908 1334 1992 sepelivit.
1449 1908 1545 1972 Ao
1592 1908 1885 1991 quamvis
1931 1906 2294 1973 dissertatio
2337 1907 2604 1973 Perlesii
2648 1927 2813 1973 sum-

526 2038 668 2084 mas
725 2022 1218 2100 consequeretur
1262 2015 1503 2100 laudes,
1550 2023 1768 2082 tamen
1812 2017 2007 2102 pauci
2050 2037 2362 2083 summam
2405 2022 2813 2102 argumenta-

526 2127 720 2193 tionis
787 2131 934 2191 sunt
999 2126 1300 2210 amplexi.
1346 2164 1429 2172 -——
1519 2126 1790 2192 Sumunt
1859 2146 2044 2213 vero,
2111 2127 2182 2193 in
2225 2128 2534 2194 Versione
2577 2129 2814 2194 Nostra

527 2236 792 2300 multum
866 2234 1085 2300 valere
1150 2234 1598 2300 aue-ton'tatem
1642 2234 2014 2318 Judaieam,
2071 2235 2273 2302 nihilo
2328 2243 2544 2302 autem
2588 2237 2816 2323 secius,

530 2351 600 2411 ut
631 2344 945 2428 quasdam
980 2342 1408 2428 difficultates,
1454 2364 1621 2427 quae
1642 2345 2099 2430 relinquuntur,
2144 2353 2461 2432 superent,
2506 2346 2593 2412 ad
2617 2348 2815 2434 serip-

528 2462 729 2521 torem
773 2451 1519 2521 Judaeo-Christianum
1567 2454 1982 2540 confugiunt3
2026 2476 2176 2520 nam
2219 2456 2438 2521 Perles
2484 2457 2815 2543 scrupulos

529 2564 777 2648 aliquot
844 2563 1048 2649 (velut
1110 2562 1285 2627 loeos
1349 2563 1434 2628 ad
1477 2563 1800 2630 Christum
1844 2565 2253 2650 pertinenteS,
2300 2585 2459 2647 quos
2502 2565 2600 2630 illi
2642 2566 2815 2633 nole·

528 2674 687 2740 bant
717 2672 986 2758 spurios,
1016 2671 1227 2737 causis
1254 2672 1655 2755 gravissimis
1683 2695 1811 2739 non
1841 2673 2086 2760 allatis)
2131 2712 2218 2722 —-
2262 2694 2578 2759 nusquam
2619 2676 2816 2742 verbo

529 2781 764 2864 attigit.
879 2781 1096 2846 Rebus
1165 2781 1256 2845 ita
1326 2781 1695 2865 compositis
1761 2782 1830 2846 in
1875 2787 2210 2865 utramque
2275 2790 2523 2868 partem
2569 2785 2649 2851 de
2695 2785 2818 2850 hae

529 2887 905 2972 quaestione
952 2887 1241 2954 volumus
1286 2886 1635 2973 disputare.

657 2998 869 3081 Atque
913 3003 984 3062 ut
1028 2996 1461 3063 Christianam
1505 2997 1787 3063 efficiant
1831 2997 2145 3082 originem
2188 2999 2468 3064 afferunt
2511 2998 2690 3067 haee.

663 3106 729 3195 1)
776 3106 1002 3172 Versio
1070 3099 1326 3190 quidem
1368 3108 1635 3191 Nostra,
1701 3128 1831 3173 non
1904 3109 2102 3173 multo
2170 3113 2511 3194 postquam
2588 3108 2815 3193 religio

529 3213 898 3281 Christiana
942 3235 983 3279 a
1011 3214 1194 3299 Syris
1241 3220 1336 3280 est
1380 3221 1660 3300 recepta,
1704 3215 1773 3280 in
1816 3236 2000 3282 usum
2033 3217 2316 3282 omnium
2360 3218 2523 3282 abiit
2544 3238 2817 3283 summa-

529 3345 652 3409 que
707 3325 1022 3409 dignitate
1068 3324 1193 3390 fuit
1235 3325 1711 3410 ecelesiastica3
1778 3326 1863 3391 ad
1907 3326 2074 3392 hane
2118 3328 2502 3393 sententiam
2544 3329 2820 3414 proban-

530 3432 680 3499 dam
721 3439 998 3518 monent‚
1043 3432 1272 3499 Pesoh.
1302 3433 1387 3498 ab
1417 3433 1783 3518 Ephraemo
1812 3436 2010 3501 semel
2060 3441 2382 3524 „nostram
2414 3434 2813 3503 versionem“

596 3785 607 3800 .
664 3715 727 3791 1)
769 3716 1038 3776 Histoire
1084 3717 1216 3777 erit.
1262 3718 1344 3778 du
1387 3718 1580 3778 Vieux
1623 3719 1781 3780 Test.
1827 3720 2052 3798 (1680)
2097 3742 2235 3801 pag.
2283 3725 2429 3784 305.

663 3823 727 3902 2)
771 3825 860 3884 De
905 3825 1292 3886 Pentateuchi
1333 3829 1604 3908 versione
1651 3830 1898 3906 Syriaca
1939 3851 2077 3910 pag.
2128 3833 2272 3893 128.

663 3933 728 4009 3)
774 3935 1213 3995 Pentateuchus
1260 3936 1502 4013 Syriaco
1545 3959 1681 4019 pag.
1728 3941 1889 4001 XIV.

662 4042 728 4122 4)
774 4045 1153 4106 Commentar
1195 4045 1345 4105 iiber
1390 4048 1506 4107 den
1550 4048 1755 4127 Jesaja
1801 4051 1880 4110 85
1930 4069 2092 4128 seqq.

663 4152 728 4231 5)
771 4154 812 4214 l.
855 4156 896 4214 l.
943 4153 1131 4231 praef.
1176 4156 1341 4214 XXV
1385 4176 1548 4235 seqq.

665 4261 730 4341 6)
773 4264 885 4324 Die
927 4264 1514 4328 Alttestamentliehe
1559 4268 1897 4330 Litteratur
1944 4273 2088 4332 263.

669 4368 732 4444 7)
778 4370 819 4430 1.
862 4370 902 4431 l.
955 4373 1054 4432 73.

664 4475 733 4561 8)
773 4479 900 4542 ibid
944 4481 1047 4542 48.
