3123 5063
1654 355 1734 416 12

546 540 714 587 saec.
758 521 790 586 I
836 527 1107 588 exeunte
1127 523 1176 611 ¹)
1205 529 1317 590 aut
1347 525 1414 590 Π
1456 524 1717 592 ineunte
1740 526 1790 614 2)
1837 534 1932 594 est
1978 527 2290 615 confecta,
2335 526 2560 593 Versio
2591 528 2828 594 Nostra

548 630 678 698 iam
722 637 915 698 antea
957 638 1070 699 aut
1114 634 1283 700 circa
1327 635 1448 701 hoc
1493 641 1743 722 tempus
1788 638 2031 704 exstitit
2051 637 2123 720 ³).

683 744 762 808 In
828 764 903 809 eo
949 749 1163 810 autem
1206 751 1377 812 statu
1421 767 1524 813 res
1569 753 1862 814 versatur
1902 753 1973 814 ut
2017 768 2098 813 ex
2140 748 2242 834 iis,
2290 767 2455 831 quae
2497 764 2692 830 supra
2738 742 2832 808 di·

550 853 781 939 ximus,
827 855 1063 921 haecce
1109 856 1594 923 concludamus:

680 965 732 1029 Ι.
820 964 1007 1045 Quod
1072 966 1307 1033 multas
1377 988 1568 1035 voces
1622 967 2224 1034 Peschitthonianas
2264 966 2666 1051 Ephraemus
2707 983 2837 1029 non

549 1072 898 1160 intellegit,
964 1077 1228 1143 multum
1300 1078 1495 1144 distat
1539 1079 1624 1144 ab
1669 1078 1781 1143 illo
1827 1084 2109 1163 tempore
2129 1128 2145 1159 ‚
2218 1097 2341 1161 quo
2388 1074 2696 1161 Simplex⁰
2738 1078 2837 1139 est

550 1188 725 1249 nata.

680 1293 766 1358 H.
851 1294 1198 1395 Ephraemi
1238 1301 1330 1389 ,et
1372 1294 1697 1363 Theodori
1741 1298 1985 1383 Mopsv.
2050 1300 2262 1362 aetate
2307 1294 2469 1360 nihil
2512 1293 2669 1360 certi
2713 1292 2835 1357 fuit

550 1407 771 1469 notum
816 1405 896 1471 de
940 1405 1164 1471 Pesch.
1213 1406 1486 1493 origine,
1533 1428 1699 1491 quae
1744 1428 1941 1473 causa
1987 1429 2114 1473 non
2158 1406 2386 1473 leviter
2430 1403 2598 1489 quod
2642 1402 2830 1469 modo

552 1509 924 1592 collegimus
970 1510 1253 1576 adiuvat.

682 1616 800 1681 III.
887 1618 1111 1683 Patres
1159 1617 1413 1701 quidem
1458 1618 1904 1702 ecelesiastici,
1971 1619 2076 1702 qui
2121 1617 2272 1683 inde
2317 1638 2358 1683 a
2402 1637 2568 1683 saec.
2612 1618 2679 1681 II
2722 1616 2835 1683 flo-

552 1721 783 1787 rebant
852 1723 1209 1789 versionem
1253 1723 1592 1807 Syriacam
1634 1724 1876 1808 passim
1919 1724 2284 1808 nominant,
2349 1742 2470 1788 nec
2513 1742 2708 1807 saepe
2754 1742 2833 1788 ea

553 1836 831 1897 utuntur.
2470 1839 2484 1846 ⁹

683 1940 792 2006 IV.
881 1940 1068 2019 Quod
1113 1942 1362 2007 Novum
1403 1943 1477 2007 Τ.
1523 1962 1559 2007 e
1615 1943 1917 2029 Simplice
1976 1943 2294 2010 interdum
2352 1941 2578 2007 laudat
2621 1941 2841 2025 Vetus,

555 2047 780 2114 Versio
825 2051 1059 2117 Nostra
1103 2071 1272 2117 saec.
1318 2052 1351 2115 I
1398 2059 1671 2119 exeunte
1719 2053 1856 2120 sive
1897 2055 1963 2118 II
2007 2054 2267 2120 ineunte
2312 2052 2629 2119 exstabat.

684 2159 772 2225 Ut
815 2180 968 2226 vero
999 2160 1121 2227 hac
1149 2161 1217 2226 in
1248 2164 1621 2245 quaestione
1654 2162 1739 2228 ad
1771 2169 2009 2230 certam
2055 2163 2379 2247 quandam
2420 2161 2843 2247 perducamur

554 2269 977 2355 sententiam,
1023 2271 1272 2338 indoles
1317 2279 1676 2356 naturaque
1720 2273 2049 2339 Versionis
2093 2275 2365 2340 Nostrae
2408 2278 2840 2356 temporaque,

556 2378 667 2443 ubi
712 2385 867 2445 nata
913 2387 1034 2466 est,
1112 2381 1453 2466 diligenter
1497 2389 1645 2449 sunt
1689 2382 2107 2469 respicienda.
2196 2382 2405 2465 Atque
2447 2380 2699 2446 etiamsi
2744 2400 2842 2464 ea,

555 2506 721 2571 quae
766 2487 916 2574 Syri
966 2489 1044 2556 de
1083 2491 1303 2558 Pesch.
1347 2491 1629 2577 tradunt,
1674 2513 1802 2558 non
1844 2491 2026 2558 multi
2072 2497 2219 2558 sunt
2261 2488 2579 2575 facienda,
2623 2495 2840 2556 tamen

554 2597 624 2664 id
682 2600 888 2685 valet,
955 2600 1124 2684 quod
1170 2604 1383 2668 omnia
1430 2603 1865 2687 consentiunt,
1936 2622 2107 2688 opus,
2140 2622 2281 2668 esse
2325 2622 2366 2666 a
2413 2601 2841 2687 compluribus

557 2709 921 2777 auctoribus
965 2712 1342 2779 absolutum.
1432 2713 1639 2792 Quum
1686 2733 1838 2779 vero
1865 2713 1940 2778 V.
1966 2714 2038 2778 Τ.
2083 2711 2307 2778 Pesch.
2351 2719 2842 2796 perscrutamur,

556 2819 772 2887 varios
823 2821 1021 2888 libros
1065 2822 1280 2889 varios
1321 2822 1560 2889 habere
1603 2822 1983 2907 interpretes
2030 2821 2222 2887 facile
2265 2819 2668 2906 perspicitur.

687 2931 854 2996 Nam
899 2931 1191 3014 quamvis
1228 2931 1649 2998 Pentateuchi
1694 2931 1902 2997 versio
1945 2931 2138 2996 auxie
2185 2936 2250 2995 et
2292 2930 2609 2997 serviliter
2652 2927 2844 2994 vesti·

557 3038 684 3122 giis
757 3041 1032 3132 exempli
1098 3041 1386 3125 insistat,
1452 3041 1694 3107 Psalmi
1754 3040 2055 3106 liberiore
2099 3046 2321 3106 tenore
2363 3044 2658 3122 utuntur3
2725 3058 2845 3105 nec

556 3148 766 3215 minus
811 3148 1177 3235 discrepant
1217 3152 1383 3216 inter
1423 3172 1492 3217 se
1535 3150 2052 3235 Paralipomena,
2097 3170 2361 3234 quorum
2403 3147 2844 3233 interpretatio
2948 3229 2955 3240 „

561 3258 745 3341 quasi
789 3260 1276 3345 paraphrastica
1321 3260 1775 3346 hagadicaque
1821 3267 1945 3345 est,
2019 3266 2081 3325 et
2123 3260 2506 3343 Proverbia,
2582 3279 2846 3342 quorum

560 3387 766 3434 sermo
793 3370 1115 3453 quandam
1146 3392 1289 3437 cum
1322 3373 1648 3455 Targumo
1684 3370 2014 3437 Chaldaeo
2047 3371 2307 3436 exhibet
2351 3369 2848 3436 similitudinem.

560 3478 756 3543 Porro
813 3479 1000 3545 unius
1047 3480 1456 3564 eiusdemque
1498 3480 1679 3565 libri,
1751 3480 1926 3545 velut
1968 3478 2419 3564 Pentateuchi,
2487 3477 2846 3563 complures

558 3585 936 3673 interpretes
969 3590 1154 3656 nobis
1179 3601 1328 3655 sunt
1371 3589 1725 3672 statuendi3
1773 3609 1964 3672 quum
1995 3588 2265 3655 Genesis
2309 3588 2845 3654 necessitudinem

563 3699 885 3782 quandam
919 3719 1061 3765 cum
1087 3701 1382 3767 versione
1411 3701 1597 3765 LXX
1642 3700 1916 3784 interpp.
1962 3721 2118 3784 prae
2164 3719 2233 3764 se
2278 3697 2462 3783 ferat,
2506 3698 2573 3762 in
2619 3697 2848 3763 ceteris

561 3807 978 3875 Pentateuchi
1022 3810 1204 3877 libris
1249 3831 1392 3875 eam
1436 3831 1566 3875 non
1608 3810 1993 3895 reperimus3
2040 3827 2158 3873 nec
2204 3808 2414 3873 minus
2459 3808 2526 3873 in
2570 3806 2848 3873 Psalmis

560 3919 782 3985 variae
825 3920 1239 4004 interpretum
1283 3919 1561 3984 rationes
1609 3918 1940 3983 offendunt
1982 3916 2300 4001 animum,
2368 3936 2494 4000 qua
2537 3916 2606 3980 in
2650 3936 2846 3982 causa

694 4116 757 4194 1)
803 4118 889 4179 cf.
934 4118 1326 4188 WichelhauS,
1368 4136 1488 4193 pag
1536 4116 1681 4175 120.

697 4226 760 4298 2)
806 4228 981 4305 Hug:
1040 4226 1386 4302 Einleitung
1449 4225 1512 4283 in
1567 4225 1659 4283 die
1706 4222 2000 4283 Schriften
2059 4222 2160 4280 des
2205 4221 2413 4282 Neuen
2456 4223 2847 4283 Testaments.

607 4383 620 4396 .
670 4337 792 4397 315
842 4355 902 4396 se
989 4382 1002 4395 .
2115 4397 2116 4400 Ἴ

562 4358 601 4413 p
698 4444 763 4519 3)
810 4356 995 4505 Lodldls
1041 4463 1071 4504 e
1115 4444 1454 4504 Peschittho
1497 4440 1734 4500 Veteris
1775 4439 2140 4499 Testamenti
2196 4440 2260 4498 in
2303 4439 2540 4500 Novum
2584 4442 2851 4517 receptos
2967 4429 2973 4434 ⁶

558 4555 762 4634 collegi
801 4555 864 4613 in
909 4554 1226 4632 appendice
1266 4555 1316 4614 Ι.
1409 4550 1495 4614 Of.
1543 4551 1615 4609 de
1659 4549 1771 4609 hac
1813 4567 1877 4607 re
1925 4549 2084 4609 infra
2125 4567 2263 4628 pag.
2310 4548 2388 4610 31
2440 4551 2644 4611 annot.
2662 4544 2734 4629 4).
