3123 5063
1397 330 1481 394 29

303 498 538 588 exiguo
604 497 943 567 intervallo
1003 498 1412 586 interposito,
1474 500 1851 567 canonicam
1907 498 2043 566 fere
2088 507 2580 586 consequeretur

293 610 692 697 dignitatem,
735 609 806 674 in
850 607 1112 693 diesque
1155 607 1364 694 magis
1410 608 1738 695 exemplar
1780 608 2168 676 Hebraicum
2212 609 2568 697 repelleret,

297 720 392 786 ita
434 726 505 786 ut
525 718 1032 785 Palaestinensis
1055 716 1390 784 Librorum
1413 717 1753 784 Sacrorum
1776 717 2219 803 interpretatio
2242 723 2490 784 tantum
2511 718 2581 783 in

298 832 464 896 vitae
504 850 628 894 usu
673 827 920 912 aliquid
962 827 1205 892 valeret
1249 826 1426 912 apud
1467 828 1509 893 J
1512 825 1751 893 udaeos
1796 826 2175 914 Aegyptios,
2218 826 2382 893 nihil
2425 847 2578 894 vero

299 937 601 1024 ponderis
647 937 916 1003 haberet
973 938 1060 1003 ad
1100 936 1460 1003 versionem
1503 936 1748 1021 ipsam,
1810 934 1920 1021 (cf.
1966 936 2204 1021 Greiger
2247 937 2288 1002 l.
2336 937 2377 1003 1.
2423 936 2577 1025 161)

301 1046 621 1133 Simplicis
684 1048 964 1113 Nostrae
1026 1045 1318 1113 condicio
1363 1065 1623 1132 prorsus
1688 1044 1821 1110 alia
1863 1043 2000 1110 fuit.
2088 1046 2165 1110 In
2208 1047 2582 1113 Palaestina

296 1156 584 1241 quidem,
661 1155 834 1240 quod
905 1155 1263 1222 versionem
1335 1155 1565 1221 litteris
1636 1152 2039 1239 consignari,
2123 1174 2206 1221 ne
2280 1154 2444 1222 forte
2509 1157 2579 1222 in

296 1265 675 1334 canonicam
734 1266 943 1333 abiret
1005 1263 1556 1350 consuetudinem,
1623 1263 1891 1329 vetitum
1962 1269 2129 1349 erat,
2204 1264 2578 1348 Targumim

299 1375 582 1459 quolibet
615 1380 899 1460 tempore
941 1375 1352 1440 mutabantur
1398 1378 1464 1439 et
1507 1371 2032 1439 emendabantur.
2119 1370 2300 1438 Idem
2342 1372 2579 1439 accidit

295 1483 594 1570 Simplici
611 1483 696 1571 1),
760 1484 942 1551 cuius
1009 1485 1104 1551 rei
1169 1500 1401 1551 causae
1456 1482 1584 1549 hae
1630 1481 1910 1549 fuerunt:
1981 1478 2256 1568 primum
2300 1482 2575 1569 quidem,

300 1615 499 1679 quum
562 1593 959 1661 necessitudo
1002 1593 1311 1660 Aramaei
1375 1598 1439 1660 et
1483 1593 1768 1659 Hebraei
1832 1611 2194 1659 sermonum
2252 1591 2575 1659 artissima

303 1708 667 1771 contextum
709 1723 960 1771 sacrum
1005 1725 1135 1770 non
1180 1705 1417 1770 sineret
1463 1702 1805 1788 removeri,
1861 1701 2088 1769 Pesch.
2132 1720 2444 1786 nusquam
2487 1701 2576 1770 ad

296 1816 543 1878 tantam
590 1812 972 1896 dignitatem
1018 1818 1116 1879 est
1160 1818 1417 1898 evecta,
1490 1812 1644 1897 quin
1688 1811 2078 1897 temporibus
2122 1810 2573 1897 adaptaretur,

294 1921 529 1989 deinde
563 1921 734 2006 quod
777 1922 1221 1989 commercium
1251 1922 1483 2007 Syriae
1528 1928 1593 2013 et
1612 1920 2023 1988 Palaestinae
2068 1926 2209 1987 erat
2249 1942 2573 2008 magnum,

291 2038 356 2099 et
419 2033 802 2118 interpretes
865 2032 1194 2117 utriusque
1251 2038 1464 2099 terrae
1510 2030 1737 2097 eadem
1782 2029 1916 2098 fere
1959 2030 2183 2115 lingua
2247 2041 2396 2097 sunt
2453 2031 2575 2118 usi,

292 2145 528 2207 natura
570 2160 784 2207 rerum
827 2140 990 2227 tulit,
1035 2146 1105 2205 ut
1147 2140 1370 2207 Pesch.
1415 2160 1457 2205 a
1501 2160 1727 2205 norma
1770 2138 2237 2225 interpretandi
2277 2139 2575 2207 Hieroso·

296 2249 627 2336 lymitana,
663 2269 830 2334 quae
873 2249 1161 2335 vigebat,
1207 2249 1614 2332 aliquatenus
1636 2248 1975 2334 penderet3
2020 2267 2185 2331 quae
2229 2267 2334 2315 res
2378 2248 2574 2315 etiam

294 2357 693 2443 quarundam
757 2357 1222 2443 proprietatum
1239 2409 1254 2436 ,
1326 2375 1490 2440 quae
1530 2356 1715 2422 nobis
1762 2361 2097 2445 occurrunt
2134 2355 2203 2420 in
2247 2355 2572 2443 Simplice,

290 2468 564 2555 dissipat
611 2467 974 2553 caliginem.
1071 2466 1294 2535 Versio
1340 2466 1596 2552 quidem
1639 2467 1876 2534 Nostra
1920 2485 2210 2533 sermone
2250 2464 2571 2534 Aramaeo

287 2578 692 2663 occidentali,
735 2577 846 2662 qui
873 2576 1124 2664 dicitur,
1164 2577 1535 2663 composita,
1570 2578 1799 2643 multos
1834 2574 2097 2642 exhibet
2127 2574 2573 2643 Chaldaismos

293 2687 376 2752 ab
435 2686 700 2772 ingenio
759 2687 1024 2771 linguae
1068 2686 1378 2773 Syriacae
1422 2686 1700 2772 alienos,
1768 2685 1878 2769 qui
1922 2685 2062 2751 sine
2107 2683 2298 2752 dubio
2341 2685 2571 2771 prioris

291 2816 443 2864 usus
507 2796 820 2882 reliquiae
865 2802 1012 2863 sunt
1056 2796 1338 2864 habendi
1358 2797 1430 2884 ²).
1532 2797 1860 2864 Aramaea
1901 2815 2055 2862 vero
2081 2794 2415 2863 dialectus
2457 2816 2568 2863 an-

421 3077 487 3158 1)
528 3069 963 3141 Pentateuchus
1014 3078 1091 3138 ad
1134 3076 1556 3154 praelectiones
1599 3074 1989 3154 synagogicas
2036 3073 2368 3135 destinatus
2383 3116 2400 3149 ,
2444 3072 2568 3149 pri-

282 3210 564 3268 mumque
607 3191 938 3251 translatus
983 3187 1216 3249 ratione
1258 3186 1509 3248 unitatis
1552 3185 1761 3246 habita
1775 3230 1792 3259 ‚
1850 3185 1961 3245 hoc
2003 3186 2194 3245 colore
2255 3184 2320 3243 in
2362 3182 2565 3243 Pesch.

282 3303 495 3362 nostra
552 3301 728 3378 plane
787 3300 966 3361 caret.
1053 3298 1220 3369 Quod
1283 3316 1422 3358 vero
1466 3295 1708 3357 Genesis
1755 3294 2047 3371 Simplicis
2112 3312 2391 3372 magnam
2434 3313 2568 3355 cum

286 3411 448 3472 LXX
489 3412 748 3487 interpp.
790 3409 1058 3471 versione
1100 3408 1279 3468 habet
1322 3397 1786 3479 similitudinem,
1833 3423 1981 3481 quae
2024 3404 2088 3463 in
2130 3402 2371 3479 reliquis
2414 3403 2567 3462 Pen-

283 3521 549 3583 tateuchi
612 3519 781 3580 libris
834 3518 955 3578 fere
1013 3517 1177 3576 nulla
1234 3518 1354 3590 est,
1423 3515 1622 3574 Perles
1680 3512 1970 3574 Geneseos
2031 3513 2330 3572 auctorem
2384 3512 2567 3571 alium

280 3632 449 3692 vult:
496 3647 646 3706 quae
680 3627 974 3688 sententia
1000 3645 1106 3703 per
1150 3643 1211 3685 se
1236 3625 1470 3701 quidem
1515 3643 1634 3683 non
1663 3623 1755 3682 est
1797 3621 2138 3698 probabilis,
2185 3620 2324 3697 quia
2365 3639 2567 3681 omnes

280 3737 670 3798 Pentateuchi
725 3738 926 3813 partes
1001 3734 1226 3811 pariter
1290 3733 1365 3793 ad
1435 3751 1609 3791 usum
1652 3729 2072 3809 synagogicum
2115 3729 2565 3790 adhibebantur.

280 3848 399 3907 Res
442 3849 641 3907 autem
685 3846 903 3923 optime
948 3844 1228 3921 explicari
1270 3842 1505 3902 videtur
1564 3859 1630 3900 eo
1646 3884 1664 3913 ,
1723 3840 1879 3915 quod
1922 3839 2192 3913 Genesis,
2252 3857 2402 3915 quae
2444 3857 2565 3899 non

279 3956 622 4017 continebat
664 3954 1186 4031 interpretationes
1215 3950 1585 4024 HalachicaS,
1631 3948 1821 4027 magis
1866 3948 2106 4025 reliquis
2150 3948 2315 4008 libris
2357 3948 2563 4025 pristi-

278 4086 422 4127 nam
467 4065 727 4127 servavit
769 4064 1052 4137 indolem,
1092 4063 1156 4122 hi
1201 4063 1401 4122 autem
1443 4060 1601 4138 leges
1644 4057 1994 4119 Halachicas
2039 4057 2353 4134 paullatim
2397 4059 2562 4118 ortas

278 4177 629 4252 acceperunt
670 4175 1159 4249 vehementerque
1206 4191 1242 4231 a
1299 4170 1463 4229 statu
1514 4166 1710 4244 priore
1754 4166 2164 4226 discesserunt.
2251 4149 2417 4240 Idem
2462 4165 2563 4226 de-

274 4286 616 4345 monstrant
639 4284 985 4363 Turgumim
1030 4283 1107 4342 ad
1149 4281 1267 4340 Pro
1275 4277 1473 4341 verbia
1516 4279 1578 4337 et
1605 4276 1978 4350 Ezechielem,
2028 4293 2177 4353 quae
2208 4273 2355 4334 nihil
2400 4273 2561 4335 aliud

279 4396 420 4456 sunt
463 4394 580 4455 nisi
626 4394 886 4471 Simplex
930 4389 1320 4451 multifariam
1363 4389 1537 4449 aucta
1582 4388 1644 4446 et
1684 4387 1939 4446 mutata.

411 4509 475 4586 2)
522 4510 703 4570 Velut
745 4516 818 4575 A..
869 4512 1227 4576 vocabulum
1242 4556 1259 4588 ,
1303 4542 1388 4557 —-
1431 4528 1574 4571 crux
1614 4506 2038 4583 interpretum,
2097 4504 2199 4581 qui
2242 4502 2321 4564 ad
2363 4501 2564 4583 singu-
