3123 5063
1382 353 1458 441 7⁴1

1092 674 1554 782 Appendix
1617 658 1762 755 111.

402 877 803 944 Psalmorum
849 875 1319 961 inscriptiones,
1363 894 1529 959 quae
1577 871 1753 959 apud
1797 872 2144 939 Eusebium
2180 871 2575 938 Caesare'en-

274 1005 411 1052 sem
457 986 900 1053 inveniuntur:

272 1094 382 1160 Ps.
458 1095 515 1159 1.

448 1205 514 2024 §90:492qung

413 2175 513 2239 10.

498 2332 511 2348 .
606 2283 963 2365 Κατηγορία
1012 2283 1311 2365 πονηρῶν
1356 2285 1465 2344 καὶ
1500 2283 1857 2366 προφητεία
1883 2285 2159 2365 Χριστοῦ
2205 2288 2585 2368 παρουσίας.

411 2392 512 2457 12.

412 2502 511 2568 13.

417 2610 517 2676 14.

333 2807 337 2810 “
414 2719 515 2786 15.

418 2829 518 2894 16.

415 3048 514 3113 17.

416 3265 515 3330 18.

416 3374 516 3438 19.

412 3483 516 3547 20.

411 3593 513 3657 21.

410 3700 515 3764 22.

413 3809 518 3873 23.

413 3918 517 3982 24.

502 4074 517 4091 .
595 4024 902 4099 Ἕντευξις
944 4029 1055 4091 τοῦ
1096 4031 1257 4089 κατα
1307 4028 1470 4089 θεὸν
1516 4025 2041 4110 προςκόπτοντος.

412 4135 518 4199 26.

412 4243 515 4308 27.

411 4353 516 4418 28.

411 4449 516 4525 29.

412 4570 516 4635 30.

608 1091 948 1177 Προτροπῆ
998 1093 1368 1171 θεοσεβείας
1413 1093 1522 1153 καὶ
1567 1088 1900 1174 α’ποτροπή
1945 1093 2051 1153 τοῦ
2094 1089 2404 1156 ἐναντίου.

600 1204 975 1286 Προφητεία
1021 1204 1167 1283 περὶ
1209 1202 1490 1283 Χριστοῦ
1532 1204 1640 1261 καὶ
1687 1197 1961 1282 κλήσεως
2004 1200 2270 1270 ἐθνῶν.

601 1309 970 1392 Προφήτεία
1015 1307 1458 1390 γενησομένων
1502 1303 1787 1383 ἀγαθῶν
1830 1308 1917 1390 τῷ
1964 1303 2192 1368 david.
2267 1332 2282 1337 ·

599 1410 971 1500 Προφήτεία
1017 1419 1104 1501 τῶ
1148 1412 1363 1477 Δαυὶδ
1398 1417 1544 1498 περὶ
1590 1408 1683 1476 ῶν
1729 1415 2085 1479 πέπονθεν.

590 1523 694 1587 Ἐκ
740 1522 1086 1607 προςώπου
1131 1526 1238 1608 τῆς
1282 1522 1617 1607 ἐκκλησίας
1659 1524 1990 1609 προςευχῆ.

601 1631 1008 1697 Διδασκαλία
1052 1629 1587 1716 ἐξομολογήσεως.

610 1740 721 1827 Τῷ
765 1738 977 1803 Δαυίδ
999 1737 1449 1823 ἐξομολόγησις
1482 1740 1591 1800 καὶ
1622 1737 2015 1802 διδασκαλία
2044 1738 2317 1823 κλήσεως
2340 1741 2583 1805 ἐθνῶν.

605 1851 973 1934 Προφητεία
1020 1846 1298 1933 κλήσεως
1342 1847 1586 1911 ἐθνῶν.

601 1958 900 2032 Θάνατος
942 1959 1223 2040 Χριστοῦ
1278 1961 1386 2018 καὶ
1429 1954 1773 2041 α’νοῖστησις
1833 1961 1941 2018 καὶ
1984 1957 2314 2036 βασιλείας
2359 1960 2583 2043 παρτί-

610 2066 807 2149 ληψις
853 2066 1117 2149 ἐχθρῶν
1160 2088 1223 2127 τε
1268 2067 1535 2128 παντων
1579 2067 1987 2150 καθαίρησις.

597 2170 935 2246 Ἐπινίκιος
977 2170 1178 2253 ὕμνος
1221 2176 1329 2235 τοῦ
1373 2173 1533 2234 κατὰ
1584 2175 1748 2236 θεὸν
1790 2172 2284 2256 α’γωνιζομένου.

595 2387 887 2474 Ἐχθρῶν
913 2389 1345 2463 ἐπανάστασις
1377 2393 1486 2451 καὶ
1514 2388 1869 2473 προςδοκία
1901 2397 2178 2474 Χριστοῦ
2207 2394 2587 2478 παρουσίας.

602 2502 965 2586 Κατηγορία
1011 2500 1313 2585 πονηρῶν
1358 2502 1468 2563 καὶ
1510 2501 1867 2585 προφητεία
1901 2503 2176 2583 Χριςτοῦ
2206 2507 2590 2594 παρουσίας,

619 2612 752 2672 Ἰὀῦ
797 2608 959 2672 κατὰ
1009 2610 1173 2673 θεὸν
1216 2607 1454 2672 τελείου
1500 2606 2039 2683 α’ποκατᾶστασις.

597 2717 855 2804 Ἐκλογή
899 2718 1232 2804 ἐκκλησίας
1276 2722 1383 2781 καὶ
1425 2711 1705 2804 Χριστοῦ
1752 2716 2119 2794 α’νοῖστασις.

614 2826 875 2891 Τελείου
937 2825 1181 2911 α’νδρὸς
1240 2830 1279 2912 ἢ
1339 2831 1449 2890 καὶ
1507 2825 1701 2891 αὖτοῦ
1766 2830 1878 2891 τοῦ
1940 2823 2217 2911 Χριστοῦ
2278 2833 2583 2916 προςευχῆ

607 2934 771 3023 ὑπερ
819 2940 945 2999 τῶν
995 2935 1080 2999 δι’
1126 2934 1326 3000 αὐτοῦ
1373 2939 1871 3021 σωθησομένων.

600 3037 1006 3130 Ἐὔχαριστία
1048 3048 1158 3108 τοῦ
1204 3044 1417 3109 Δαυῖδ
1461 3049 1572 3108 καὶ
1613 3047 1972 3131 προφητεία
2018 3050 2296 3129 Χριστοῦ
2340 3071 2593 3133 παρου-

609 3158 751 3230 σίας
795 3160 904 3218 καὶ
948 3153 1368 3241 α’ναλήψεως.

616 3262 935 3342 Θεολογία
983 3266 1100 3328 σῦν
1148 3263 1540 3346 διδασκαλίᾳ
1587 3263 1809 3355 ἧθικῄ.

612 3370 785 3457 Εὐχή
833 3375 958 3435 τῶν
1004 3372 1542 3457 συμπραττόντων
1586 3376 1673 3459 τῷ
1716 3371 1929 3435 Δαυὶδ
1972 3372 2259 3437 δικαίων.

599 3480 903 3558 Ἐντευξις
948 3485 1074 3544 τῶν
1119 3481 1653 3564 συμπραττόντων
1696 3485 1783 3567 τῷ
1831 3481 2059 3545 Δαυίδ.

608 3595 979 3677 Προφητεία
1025 3595 1135 3655 τοῦ
1178 3595 1450 3674 Χριςτοῦ
1498 3595 1746 3656 παθῶν
1792 3597 1898 3654 καὶ
1943 3592 2168 3655 ἐθνῶν
2211 3591 2445 3675 κλῆσις.

609 3698 1015 3762 Διδασκαλία
1062 3703 1171 3762 καὶ
1223 3705 1363 3764 νεοῦ
1413 3699 1577 3766 λαοῦ
1618 3699 1946 3785 εἶςαγωγή.

607 3810 966 3892 Ρροφητεία
994 3808 1269 3893 κλήσεως
1314 3807 1522 3871 ἐδνῶν
1547 3813 1655 3871 καὶ
1681 3808 1990 3884 τελείωσις
2022 3811 2148 3873 τῶν
2179 3813 2596 3894 σωφομένων.

612 3913 1016 3979 Διδασκαλία
1062 3915 1594 4003 ἐξομολογήσεως.

615 4131 999 4217 Εὗχαριστία
1046 4138 1156 4196 καὶ
1200 4137 1438 4220 αἴτησις
1483 4132 1789 4214 α’γαθῶν.

611 4244 834 4325 Δέησις
875 4243 1035 4322 μετὰ
1088 4247 1498 4328 προφητείας.

621 4355 980 4435 Προφήτεία
1029 4352 1496 4438 αἶνιγματῶδης
1542 4355 1656 4418 σὺν
1699 4353 2031 4434 θεολογίᾳ.

609 4458 997 4544 Εὐχαριστία
1044 4461 1162 4527 σὺν
1205 4462 1673 4547 ἐξομολογήσει.

605 4569 1086 4656 Ἐξομολόγησις
1131 4575 1242 4636 σὺν
1283 4568 1578 4658 ἱκετηρία.
