3123 5063
1589 360 1702 426 44³

496 529 697 619 plice,
757 530 891 601 alia
938 531 1008 598 in
1065 531 1301 600 nostris
1354 530 1739 601 editionibus
1785 532 2138 601 Hebraicis,
2227 531 2460 621 Capita
2512 531 2773 618 quidem

506 653 714 710 hwa-10
758 642 1109 709 Bibliorum
1150 642 1589 711 Rabbinorum
1644 642 1777 710 fere
1841 641 2260 730 respondent3
2325 663 2623 710 versuum
2664 663 2781 712 nu-

504 767 714 814 merus
770 748 1192 834 (Psalmorum
1275 748 1593 835 capitibus
1663 769 1911 836 semper
1985 748 2414 837 praepositus)
2483 749 2779 816 omnibus

503 854 638 924 fere
680 856 860 924 libris
919 863 1075 924 extr.
1134 862 1230 924 est
1282 856 1677 944 adscriptus3
1743 858 2110 946 plerumque
2170 880 2333 926 unus
2392 879 2429 925 e
2485 859 2779 927 versibus

505 966 739 1034 nostris
795 968 863 1033 in
918 967 985 1032 Π
1042 967 1146 1033 vel
1202 967 1303 1033 ΠΙ
1347 973 1561 1054 partes
1623 967 1945 1035 dividitur.
2051 971 2380 1056 Rapoport
2401 968 2450 1055 1)
2518 967 2781 1054 quidem

504 1074 673 1142 mira·
706 1095 858 1143 usus
901 1078 1261 1162 sagacitate
1304 1076 1721 1163 doctrinaque
1766 1078 2222 1145 demonstravit
2265 1077 2781 1146 distributionem

503 1186 785 1273 capitum
826 1207 1246 1273 versuumque
1298 1188 1366 1253 in
1409 1188 1702 1255 versione
1755 1195 1973 1256 nostra
2028 1189 2527 1275 praelectionum
2583 1207 2781 1274 syna-

501 1296 873 1382 gogicarum
935 1319 1132 1366 causa
1192 1319 1332 1366 esse
1389 1297 1628 1366 factam
1669 1305 1732 1365 et
1774 1298 2141 1386 Simplicem
2185 1299 2395 1385 ipsam
2447 1318 2651 1382 aeque
2695 1317 2779 1364 ac

501 1405 919 1474 Chaldaicam
944 1409 1303 1476 versionem
1345 1415 1408 1476 et
1433 1409 1619 1475 LXX
1659 1409 1930 1497 interpp.
1972 1409 2041 1475 in
2068 1428 2548 1495 synagogarum
2575 1405 2780 1475 fuisse

502 1536 639 1585 usu.
728 1518 853 1606 (Of.
897 1520 1118 1587 Perles
1163 1541 1312 1606 pag.
1355 1520 1488 1607 24).

631 1627 813 1707 Quae
854 1647 1046 1712 quum
1100 1630 1194 1695 ita
1237 1648 1308 1696 se
1348 1628 1636 1694 habeant
1694 1626 1854 1694 levis
1917 1627 1988 1692 fit
2050 1625 2388 1710 inanisque
2430 1624 2776 1693 Noeldekii

501 1735 750 1821 opinio:
801 1735 945 1825 „die
985 1736 1286 1805 Peschita
1329 1736 1432 1823 ist,
1475 1756 1547 1803 so
1592 1735 1743 1803 weit
1785 1734 1904 1802 wir
1943 1735 2198 1821 wissen‚
2241 1734 2348 1801 nie
2391 1755 2520 1802 von
2560 1733 2768 1802 Juden

501 1845 913 1933 gebraucht“.

631 1957 780 2024 Jam
838 1963 1038 2024 restat
1080 1964 1151 2024 ut
1193 1956 1273 2024 de
1316 1957 1619 2043 Simplice
1660 1956 2194 2042 Paralipomenon
2237 1974 2446 2041 pauca
2488 1954 2770 2040 profera-

502 2082 662 2152 mus,
707 2067 817 2151 qui
850 2067 1011 2134 liber
1052 2067 1214 2133 nihil
1257 2067 1435 2134 aliud
1481 2073 1579 2134 est
1628 2067 1752 2134 nisi
1804 2068 2127 2155 „Targum
2152 2064 2555 2151 Judaicum“,
2601 2063 2777 2149 quod

497 2176 830 2245 Noeldeke
871 2177 1011 2263 ipse
1055 2176 1360 2245 concedit.
1460 2178 1547 2272 At
1592 2197 1868 2262 quonam
1911 2182 2100 2261 pacto
2147 2182 2245 2242 est
2286 2173 2777 2261 expediendum,

496 2285 780 2354 Judaeos
825 2286 1024 2372 Syros
1067 2288 1352 2372 Targum
1405 2286 1491 2353 ad
1534 2286 2028 2373 Paralipomena
2092 2285 2393 2352 habuisse
2412 2335 2429 2370 ,
2482 2284 2567 2350 ad
2627 2285 2775 2351 reli-

496 2413 657 2478 quas
700 2395 774 2461 V.
820 2396 893 2460 T.
937 2401 1152 2482 partes
1193 2417 1322 2463 non
1366 2394 1672 2462 habuisse
1688 2395 1722 2460 P
1831 2392 2161 2462 Noeldeke
2204 2391 2459 2479 quidem
2501 2398 2775 2459 annota-

495 2504 589 2571 vit
642 2503 804 2571 haec
849 2503 1044 2592 (Gott.
1087 2505 1212 2591 gel.
1265 2505 1422 2572 Anz.
1471 2505 1640 2571 1868
1684 2525 1816 2591 pag
1864 2501 2096 2590 1826):
2183 2502 2298 2570 Ich
2340 2501 2508 2569 habe
2550 2501 2775 2572 inzwi-

494 2613 691 2681 schen
748 2605 1106 2700 gerunden,
1166 2613 1317 2681 dass
1362 2613 1467 2681 die
1509 2614 1893 2680 nationalste
1938 2612 2050 2679 der
2092 2610 2427 2697 syrischen
2467 2611 2774 2698 Kirchen‚

496 2722 601 2789 die
644 2723 758 2790 der
788 2724 1218 2810 Nestorianer‚
1263 2722 1368 2790 die
1397 2722 1683 2791 Chronik
1717 2722 1867 2811 (wie
1910 2721 2080 2789 aueh
2104 2723 2271 2789 Esra
2313 2721 2430 2788 mit
2457 2721 2775 2789 Nehemia

496 2830 627 2899 und
671 2832 884 2920 Ester)
930 2854 1050 2919 gar
1092 2833 1271 2900 nicht
1311 2834 1380 2899 in
1421 2834 1628 2900 ihrem
1670 2834 1907 2900 Kanon
1950 2832 2082 2918 hat,
2126 2830 2258 2898 und
2303 2830 2452 2898 dass
2493 2831 2632 2898 sich
2674 2830 2773 2897 ih·

493 2962 622 3009 nen
678 2942 885 3008 hierin
943 2962 1137 3025 sogar
1191 2963 1331 3009 zum
1396 2941 1586 3008 Theil
1631 2942 1735 3009 die
1778 2940 2272 3027 Monophysiten
2315 2939 2772 3007 anschliessen.

495 3051 694 3119 SoUte
739 3050 914 3119 diese
944 3052 1311 3119 Thatsache
1355 3052 1471 3117 mit
1506 3051 1694 3138 jener
1738 3051 1807 3117 in
1847 3049 2076 3135 irgend
2122 3050 2331 3116 einem
2357 3050 2772 3116 Zusammen·

491 3161 708 3246 hange
751 3162 976 3229 stehen
991 3160 1063 3227 ‘?“
1156 3160 1260 3227 Ad
1303 3159 1472 3245 quod
1518 3158 1905 3247 respondere
1949 3159 2107 3225 mihi
2151 3159 2377 3225 liceat:
2420 3158 2771 3245 Propterea

493 3270 664 3354 quod
691 3272 1184 3358 Paralipomena
1212 3292 1341 3338 non
1383 3270 1643 3337 fuerunt
1685 3269 1753 3335 in
1782 3269 2287 3336 Christianorum
2329 3288 2468 3354 usu,
2513 3267 2771 3335 facilius

493 3379 598 3448 hic
655 3381 818 3447 liber
881 3387 1106 3466 typum
1150 3383 1192 3448 J
1193 3379 1492 3447 udaicum
1537 3379 1821 3446 servavit
1861 3398 2052 3463 quam
2096 3378 2324 3462 reliqui
2367 3379 2441 3444 V.
2484 3378 2558 3443 T.
2600 3377 2772 3457 libri,

492 3489 602 3574 qui
646 3510 688 3555 a
732 3489 1116 3557 Christianis
1181 3489 1603 3573 multifariam
1659 3494 1806 3555 sunt
1848 3488 2110 3572 mutatiz,
2178 3486 2298 3554 hoc
2348 3488 2558 3574 ipsum
2602 3507 2770 3571 quae

490 3616 688 3684 supra
731 3599 1145 3683 exposuimus
1183 3598 1533 3665 luculenter
1574 3597 1821 3683 probat.
1863 3634 1950 3644 —
1994 3594 2379 3682 Suppeditat
2419 3596 2617 3681 igitur
2656 3616 2772 3662 no-

490 3704 591 3773 bis
634 3706 702 3772 in
747 3706 1050 3793 Simplice
1093 3706 1635 3793 Paralipomenon
1675 3706 1961 3789 Targum
2008 3705 2549 3790 antiquissimum,
2607 3705 2766 3771 inte-

489 3834 694 3899 grum,
737 3814 1187 3902 incorruptum,
1230 3813 1400 3899 quod
1447 3812 1788 3898 diligenter
1830 3832 2168 3879 excussum
2211 3814 2505 3879 notitiam
2545 3813 2767 3898 Haga-

489 3920 610 3989 dae
653 3924 1130 3991 vesustissimae
1173 3944 1300 3988 non
1343 3920 1745 3988 mediocriter
1790 3926 2075 4005 augeret.
2124 3958 2211 3968 —

618 4032 714 4098 Ac
757 4032 1123 4100 Peschittho
1167 4069 1253 4079 —-
1298 4036 1368 4097 ut
1412 4030 1791 4115 colligamus
1851 4049 2015 4113 quae
2075 4035 2292 4096 nostra
2336 4030 2767 4117 disputatione

488 4139 777 4207 videmur
836 4142 1021 4208 nobis
1081 4141 1552 4207 demonstrasse
1596 4176 1679 4186 —-
1741 4137 1827 4204 ad
1887 4159 2071 4206 usum
2101 4137 2505 4230 ,Judaeorum
2547 4138 2767 4206 Orien-

621 4362 684 4442 1)
730 4363 816 4426 Of.
864 4379 1016 4446 zap
1051 4360 1294 4428 nffzffbfl
1340 4384 1377 4424 a
1405 4364 1475 4425 Gr.
1494 4363 1551 4423 J.
1576 4363 1763 4423 Polak
1806 4360 2080 4443 (Amstel.
2109 4364 2273 4424 1846
2300 4384 2436 4443 pag.
2474 4364 2551 4424 15
2580 4359 2770 4440 seqq.)

491 4476 569 4547 et,
614 4474 872 4535 Frankel
927 4474 1264 4535 Zeitschrift
1324 4474 1422 4532 fflr
1480 4472 1576 4532 die
1632 4471 1946 4551 religibsen
2001 4474 2337 4534 Interessen
2386 4472 2487 4531 des
2545 4472 2585 4531 J
2586 4472 2771 4532 uden-

485 4584 686 4644 thums
729 4585 776 4657 1,
824 4583 1214 4664 sss—359).
