3123 5063
1342 279 1427 353 35

214 474 411 542 quam
449 452 700 524 omnino
740 463 893 523 sunt
935 456 1253 523 absolutae
1322 478 1394 523 ao
1441 459 1755 524 stabilitae
1766 485 1788 541 ,-
1857 451 2039 525 i'mmo
2098 480 2239 526 vero
2304 450 2516 526 variis

211 567 676 649 interpretandi
716 567 1067 632 rationibus
1109 566 1427 648 variisque
1472 569 1847 648 temporibus
1909 590 2146 651 semper
2191 590 2518 635 accommo-

154 705 159 710 ’
217 677 540 743 dabantur
586 682 767 758 atque
809 676 1360 740 concinnabantur.
1449 677 1825 759 'sargumim
1853 698 2008 745 vero
2033 679 2519 759 paraphrastica

218 785 291 851 in
336 786 543 851 lucem
587 783 957 870 prodierunt
1001 803 1193 867 quum
1221 782 1494 869 populus
1533 786 1817 851 maxima
1845 785 1925 851 de
1955 793 2137 872 parte
2167 787 2518 872 simplicem

220 892 587 961 Bibliorum·
641 892 930 959 habebat
986 893 1495 976 intellegentiam
1551 900 1617 960 et
1672 910 2058 961 manauit-³72
2121 895 2519 980 Scripturam

223 1004 496 1071 Sacram
533 1025 662 1070 non
707 1003 795 1069 ad
836 1003 1086 1069 verbum
1132 1001 1490 1068 reddebant
1532 1004 1650 1069 sed
1693 1005 2306 1089 interpretabantur,
2349 1002 2521 1086 quod

220 1113 321 1178 bis
365 1111 593 1197 fiebat,
657 1112 922 1177 diversis
978 1112 1335 1197 aetatibuS,
1406 1113 1605 1176 simili
1663 1112 2069 1179 condicione:
2136 1113 2408 1197 primum
2451 1113 2518 1176 in

221 1221 600 1287 Palaestina
642 1221 859 1306 paullo
905 1225 1056 1286 ante
1100 1220 1406 1306 templum
1449 1220 1515 1285 II
1561 1220 1870 1307 dirutum,
1914 1220 2148 1287 deinde
2191 1222 2260 1285 in
2304 1220 2520 1304 Baby—

227 1330 408 1398 lonia
459 1328 610 1396 inde
669 1349 710 1394 a
769 1348 938 1396 saec.
978 1329 1079 1394 ΙΠ
1121 1351 1184 1415 p.
1229 1328 1346 1395 Oh.
1389 1351 1450 1395 n.
1539 1330 1670 1396 Ubi
1727 1351 1879 1397 vero
1940 1331 2231 1397 homines
2291 1350 2518 1416 parum

230 1439 555 1504 callebant
592 1457 947 1505 sermonem
989 1437 1411 1522 Hebraicum,
1472 1439 1682 1504 versio
1736 1437 1823 1504 ad
1882 1438 2161 1503 litteram
2205 1437 2377 1503 facta
2421 1444 2520 1503 est

232 1545 556 1630 adhibita3
622 1545 692 1611 id
734 1565 1002 1630 quoque,
1047 1551 1354 1629 quantum
1401 1545 1711 1631 sciamus,
1768 1548 1864 1612 bis
1918 1567 2039 1613 usu
2091 1546 2267 1612 venit
2310 1547 2520 1611 eadem

237 1660 475 1722 aetate:
528 1655 599 1721 in
642 1654 941 1741 Aegypto
989 1660 1129 1722 orta
1174 1661 1270 1721 est
1312 1655 1498 1720 LXX
1542 1656 1816 1743 interpp.
1860 1657 2105 1742 versio,
2150 1655 2518 1723 Peschittho

233 1762 299 1830 in
342 1763 538 1849 Syria
582 1769 648 1832 et
690 1763 918 1832 ceteris
962 1763 1335 1849 regionibus
1380 1758 1818 1832 orientalibus,

366 2186 445 2255 In
498 2185 619 2256 hac
673 2194 860 2277 parte
903 2185 1356 2276 disputationis
1415 2187 1632 2257 conati
1678 2209 1894 2257 sumus
1953 2192 2284 2279 persequi,
2350 2190 2520 2277 quod

236 2295 438 2364 fatum
465 2298 688 2367 Pesch.
732 2297 906 2386 apud
934 2298 1220 2366 Judaeos
1264 2298 1549 2384 subierit,
1593 2298 1788 2382 idque
1813 2299 2272 2367 illustravimus
2317 2302 2523 2368 solum

234 2403 539 2475 historiae
582 2408 859 2493 vestigia
902 2413 1296 2493 prementes3
1341 2407 1474 2473 alia
1518 2413 1904 2493 argumenta
1946 2407 2117 2475 infra
2163 2410 2522 2477 afferemus.

230 2514 415 2583 Nunc
459 2517 669 2602 qualis
713 2516 969 2585 fortuna
1013 2514 1338 2602 Simplicis
1397 2515 1574 2602 apud
1620 2504 2021 2584 Christianos
2068 2517 2264 2584 fuerit
2303 2518 2522 2586 videa-

234 2644 389 2692 mus.
476 2627 901 2711 Interpretum
936 2624 1193 2709 quidem
1224 2625 1768 2709 synagogicorum
1797 2646 2027 2692 munus
2071 2626 2139 2690 in
2185 2628 2524 2694 ecclesiam

235 2732 741 2800 Christianorum
807 2739 1132 2818 receptum
1190 2733 1321 2798 iam
1395 2752 1609 2818 supra·
1653 2734 2320 2820 commemoravimus,
2398 2756 2522 2819 quo

232 2841 443 2909 officio
488 2842 670 2909 initio
714 2862 901 2910 nemo
946 2840 1143 2908 favile
1208 2840 1335 2907 nisi
1378 2842 1419 2908 J
1423 2840 2068 2932 udaeo-Christianus
2113 2842 2366 2909 functus
2409 2849 2524 2909 est.

231 2950 553 3030 Quamdiu
615 2972 769 3019 vero
824 2951 935 3017 ille
977 2971 1114 3017 mos
1160 2946 1545 3037 duraverit,
1573 2957 1832 3038 propter
1874 2952 2210 3037 penuriam
2254 2952 2525 3019 fontium

231 3060 508 3129 indicari
572 3062 809 3146 nequit.
918 3060 1129 3145 Atque
1192 3059 1609 3127 Wichelhaus
1628 3111 1644 3144 ,
1710 3061 1913 3128 verba
1977 3061 2263 3126 Takritii
2332 3081 2529 3146 supra

234 3170 412 3258 (pag.
461 3170 570 3257 15)
614 3169 883 3237 laudata
934 3175 1209 3255 secutuS‚
1268 3169 1344 3235 V.
1387 3171 1462 3236 Τ.
1525 3189 1727 3253 usque
1780 3170 1865 3236 ad
1907 3171 2342 3257 Ephraemum
2399 3173 2526 3238 He-

228 3278 456 3346 braice
524 3297 666 3346 esse
719 3278 1056 3344 recitatum
1123 3277 1312 3364 dicit,
1377 3278 1756 3364 interpretes
1823 3279 2019 3363 igitur
2085 3279 2155 3344 in
2218 3280 2527 3365 Syrorum

232 3387 508 3455 ecclesia
566 3387 643 3452 V.
688 3387 759 3453 T.
824 3386 1064 3472 legisse
1128 3392 1193 3452 et
1257 3387 1615 3473 explicasse
1676 3407 1877 3471 usque
1941 3386 2029 3454 ad
2092 3388 2528 3474 Ephraemum

232 3496 604 3564 existimare
648 3494 857 3563 debet.
941 3494 1029 3560 At
1080 3493 1218 3561 eius
1277 3495 1750 3579 argumentatio
1796 3495 1970 3562 omni
2015 3502 2192 3563 caret
2235 3497 2527 3581 ratione3

230 3623 385 3671 nam
442 3625 637 3689 quum
678 3603 914 3673 Judaei
973 3602 1336 3671 Orientales
1396 3603 1525 3690 ipsi
1583 3623 1809 3689 parum
1869 3604 2108 3670 scirent
2168 3624 2528 3689 sermonem

230 3731 506 3799 sacrum,
553 3735 595 3782 a
638 3714 868 3800 quibus
912 3714 1275 3781 hominibus
1322 3719 1386 3780 et
1428 3733 1544 3799 pro
1592 3713 1818 3796 quibus
1863 3713 2079 3780 Biblia
2126 3713 2302 3801 apud
2349 3714 2527 3781 Chri-

232 3826 479 3893 stianos
508 3825 836 3893 Hebraica
881 3825 1108 3910 lingua
1150 3829 1300 3892 sunt
1342 3822 1656 3889 recitata?
1679 3821 1728 3910 ¹)
1772 3821 1966 3889 Initio
2011 3822 2289 3909 quidem,
2336 3843 2527 3907 quum

366 4051 430 4130 1)
476 4049 722 4111 Mirifice
767 4066 908 4110 sane
956 4046 1080 4126 egit
1108 4047 1601 4123 vehementerque
1645 4046 1869 4108 erravit
1900 4045 2297 4122 WichelhauS,
2345 4066 2527 4124 quum

232 4163 379 4225 dicit
427 4162 492 4240 (1.
537 4162 576 4221 l.
622 4181 680 4237 p.
730 4155 871 4232 74):
941 4177 970 4210 ι
983 4199 1252 4217 .....
1298 4157 1568 4215 exortam
1611 4157 1813 4215 tamen
1856 4173 1982 4215 esse
2024 4155 2088 4214 in
2129 4157 2322 4232 primo
2361 4158 2531 4218 Chri-

231 4272 567 4335 stianorum
611 4270 783 4330 coetu
826 4265 1180 4328 desiderium
1221 4265 1549 4325 multorum
1607 4264 2133 4343 flagrantissimum
2152 4309 2168 4339 ,
2232 4266 2303 4324 ut
2345 4265 2528 4326 Mosis

217 4384 296 4443 -et
341 4380 776 4458 Prophetarum
816 4377 1002 4437 libros
1046 4394 1166 4435 non
1208 4375 1336 4434 tam
1379 4392 1451 4433 ex
1482 4373 2022 4434 Alexandrinorum
2065 4393 2275 4434 manca
2315 4374 2531 4450 peritia

237 4494 305 4555 et
355 4489 870 4571 Targumistarum
910 4485 1070 4548 haud
1123 4502 1261 4546 raro
1316 4482 1561 4561 putrida
1624 4485 1685 4544 et
1725 4483 1952 4545 insulsa
1992 4483 2356 4559 expositione
2373 4527 2389 4557 ‚
2433 4483 2536 4545 sed

2003 4592 2044 4654 3
2061 4592 2094 4628 *
