3123 5063
1659 274 1842 350 so'

549 451 812 537 tiquitus
878 472 920 518 a
961 453 1552 521 Palaestinensibus
1598 462 1889 542 recepta,
1942 457 2177 523 sensim
2222 463 2319 525 est
2360 465 2608 527 mutata
2650 467 2714 526 et
2755 458 2825 528 in

555 562 868 649 Galilaea,
912 562 1284 649 Coelesyria
1330 570 1498 651 cett.,
1542 565 1748 633 forma
1779 566 2133 633 Chaldaica
2179 568 2451 655 abiecta,
2496 570 2827 656 Syriasmo

554 692 625 739 se
691 672 1076 758 applicavit,
1140 693 1259 739 nec
1328 679 1538 759 potest
1579 673 1786 740 videri
1830 674 2088 758 mirum,
2156 675 2326 757 quod
2370 677 2488 742 sub
2533 677 2832 743 manibus

559 798 955 866 :inmun-272,
1011 787 1082 847 ut
1121 788 1303 848 aetas
1348 784 1670 868 poscebat,
1714 783 2000 867 Simplex
2048 784 2245 849 subiit
2286 785 2691 871 mutationes,
2735 785 2831 850 ni-

554 891 687 958 hilo
722 891 927 959 secius
956 891 1209 976 pristini
1253 891 1565 959 sermonis
1608 892 1886 975 vestigia
1931 900 2322 979 manserunt,
2367 913 2532 977 quae
2576 895 2835 961 demum

556 1001 625 1067 in
668 1001 875 1067 lucem
917 1000 1316 1086 prodierunt,
1387 1021 1581 1084 quum
1625 1020 1834 1066 merus
1877 1000 2227 1087 Ephraemi
2271 1022 2475 1070 sermo
2523 1002 2833 1088 Syriacus

555 1110 687 1177 iam
714 1109 968 1177 floreret
985 1109 1055 1196 ¹).
1144 1109 1439 1177 Ceterum
1469 1110 1695 1176 Pesch.
1724 1110 1811 1175 ad
1847 1129 2030 1176 usum
2072 1111 2445 1197 popularem
2489 1111 2836 1200 destinata,

555 1219 802 1305 ingenii
834 1226 898 1286 et
926 1218 1323 1305 religionum,
1367 1238 1533 1302 quae
1578 1219 1646 1283 in
1690 1217 1870 1303 vulgi
1913 1218 2145 1285 animis
2190 1228 2375 1286 erant
2413 1221 2673 1307 infixae,
2718 1222 2836 1289 ha-

554 1331 705 1397 bere
770 1328 1046 1398 debebat
1109 1330 1454 1397 rationem:
1523 1336 1960 1413 aryumentum
2026 1328 2280 1414 quidem
2347 1331 2484 1398 eius
2549 1352 2678 1398 non
2735 1339 2838 1399 est

556 1446 868 1506 mutatum
883 1489 902 1526 ,
967 1439 1093 1506 nisi
1139 1439 1220 1505 de
1261 1439 1522 1505 decretis
1568 1438 1952 1518 HalachiciS,
1996 1459 2109 1504 nec
2144 1439 2336 1519 fluxit
2377 1440 2463 1507 ab
2506 1439 2837 1507 hominum

555 1551 856 1633 arbim-io,-
928 1570 1125 1615 sermo
1169 1569 1321 1615 vero
1367 1548 1848 1632 intellegentiae
1893 1547 2172 1614 omnium
2215 1553 2313 1615 est
2356 1554 2835 1635 attemperatus.

557 1661 697 1728 Hoc
725 1660 1099 1744 Targumim
1134 1664 1502 1725 cunctorum
1546 1658 1667 1724 fuit
1711 1658 1931 1725 fatum.
2017 1658 2230 1724 Minus
2273 1658 2573 1743 religiose
2618 1666 2831 1726 actum

558 1776 655 1839 est
697 1769 777 1837 de
804 1767 1162 1853 Hagadicis
1208 1767 1760 1853 explicationibus,
1807 1788 1973 1852 quae
2014 1766 2101 1833 ad
2144 1766 2481 1834 historicas
2525 1773 2589 1834 et
2631 1768 2822 1854 poeti-

559 1899 668 1946 cas
712 1885 929 1965 partes
975 1877 1343 1963 Scripturae
1388 1876 1670 1962 Sacrae,
1692 1876 2003 1962 imprimis
2032 1877 2513 1962 Prophetarum,
2556 1878 2823 1963 pertine-

556 1990 733 2056 bant.
816 1994 957 2054 Hae
1015 1991 1231 2052 autem
1274 1986 1660 2052 mutationes
1705 2005 1835 2052 non
1878 2005 1997 2052 usu
2038 1991 2367 2071 venerunt,
2410 1986 2537 2052 nisi
2579 1987 2691 2052 ubi
2738 1987 2831 2052 in-

557 2095 823 2182 dagatio
866 2095 1205 2161 Librorum
1247 2093 1587 2160 Sacrorum
1630 2093 1699 2159 in
1742 2114 1987 2161 summo
2034 2099 2170 2160 erat
2211 2092 2367 2160 flore
2409 2099 2474 2159 et
2517 2094 2641 2160 viri
2685 2094 2833 2162 doc-

556 2204 786 2271 tissimi
811 2203 880 2269 in
903 2202 1185 2288 Hagada
1214 2203 1553 2269 navabant
1570 2224 1848 2289 operam.
1936 2203 2038 2268 Ita
2058 2203 2127 2268 in
2156 2203 2397 2270 Palae
2414 2204 2574 2271 stin
2593 2223 2635 2269 a
2663 2224 2835 2272 saec.

557 2314 591 2378 Ι
656 2318 808 2379 ante
852 2311 965 2378 Ch.
1029 2333 1090 2378 n.
1156 2310 1588 2397 paraphrases
1631 2311 2263 2396 Hierosolymitanae
2328 2310 2706 2378 exstiterunt
2770 2320 2839 2379 et

557 2442 724 2491 saec.
766 2421 868 2486 ΙΠ
888 2426 952 2486 et
967 2420 1059 2486 IV
1079 2442 1141 2506 p.
1164 2420 1278 2486 Ch.
1304 2420 1840 2505 Babyloniae,
1886 2440 2013 2504 qua
2057 2425 2270 2487 aetate
2312 2420 2565 2486 litterae
2607 2421 2838 2489 Judai-

557 2553 674 2600 cae
740 2533 808 2597 in
851 2529 1085 2598 scholis
1128 2528 1508 2614 Babyloniis
1552 2528 1831 2597 maxime
1872 2529 2201 2596 florebant.
2311 2529 2653 2597 Versiones
2696 2531 2837 2615 qui-

556 2641 702 2708 dem
766 2640 1125 2707 Aramaeae
1184 2657 1507 2722 nunquam
1570 2637 1745 2724 apud
1807 2638 1848 2705 J
1851 2637 2091 2705 udaeos
2156 2638 2427 2704 eandem
2474 2638 2840 2706 habuerunt

554 2751 704 2837 vim,
747 2771 937 2835 quam
982 2752 1315 2815 contextus
1356 2746 1746 2832 Hebraicus,
1789 2767 1908 2813 nec
1952 2753 2192 2814 certum
2233 2748 2425 2815 finem
2469 2754 2835 2832 certamque

504 2934 508 2938 ⁴
556 2860 937 2945 dignitatem
979 2863 1128 2926 sunt
1171 2862 1571 2924 consecutae.

688 3193 895 3272 Quum
958 3192 1027 3257 in
1092 3190 1285 3277 Syria
1352 3190 1580 3276 religio
1650 3189 2016 3257 Christiana
2081 3187 2355 3255 diffundi
2422 3196 2649 3276 coepta
2718 3196 2837 3276 est,

554 3476 710 3537 lares
755 3474 1117 3536 coniecturas
1163 3472 1553 3553 confugerunt
1604 3503 1672 3513 —
1724 3471 1881 3547 quod
1924 3470 1988 3530 in
2038 3469 2229 3547 primo
2277 3488 2453 3532 versu
2497 3468 2705 3530 Geues,
2749 3466 2834 3527 le-

558 3586 781 3665 gimus;
825 3585 980 3644 hunc
1004 3585 1197 3644 locum
1239 3603 1359 3645 non
1406 3580 1753 3643 »classicum
1795 3579 2056 3640 dictum«
2106 3580 2206 3657 (cf.
2234 3579 2528 3640 Eichhorn
2571 3599 2630 3655 p.
2658 3575 2835 3652 481,)

559 3704 741 3765 fuisse
772 3723 843 3763 ex
880 3722 947 3763 eo
981 3704 1248 3779 apparet,
1283 3703 1440 3779 quod
1482 3705 1555 3764 A.
1612 3699 1961 3763 vocabulum
2024 3701 2259 3774 praeter
2316 3700 2587 3758 nostrum
2641 3697 2835 3757 locum

556 3819 781 3901 septies
822 3822 886 3882 in
930 3822 1202 3898 Simplice
1246 3823 1429 3880 extat.
1516 3817 1761 3898 (EccleS.
1807 3819 1897 3893 ΙΙ,
1945 3819 2017 3890 3;
2072 3817 2185 3892 ΙΠ,
2235 3817 2312 3876 17
2359 3814 2535 3895 (bis);
2592 3816 2712 3889 IV,
2761 3814 2833 3888 13

558 3931 664 4008 IX,
712 3932 782 4005 1;
829 3933 984 3991 eant.
1027 3929 1137 4004 111,
1183 3932 1251 4002 53
1295 3928 1465 4002 Vm,
1508 3927 1594 4004 5).
2753 3907 2758 3915 ’

694 4038 756 4115 1)
801 4039 1121 4101 Peschitth.
1176 4038 1240 4096 in
1298 4037 1475 4114 Syria
1492 4082 1506 4111 ,
1572 4035 1904 4114 Babylonia
1921 4080 1937 4109 ,
2001 4035 2431 4113 Mesopotamia
2504 4033 2835 4111 antiquitus

557 4152 716 4230 apud
759 4150 1015 4210 Judaeos
1060 4148 1428 4225 divulgatam
1470 4146 1683 4221 fuisse,
1727 4146 1862 4205 inde
1904 4144 2041 4204 licet
2084 4145 2297 4224 colligi,
2344 4146 2500 4222 quod
2540 4145 2604 4202 in
2647 4144 2836 4203 omni-

556 4259 667 4320 bus
708 4259 800 4319 his
844 4256 1179 4336 regionibus
1216 4257 1426 4332 postea
1476 4254 1539 4313 in
1585 4254 2056 4315 Christianarum
2101 4254 2398 4312 scotarum
2440 4268 2613 4309 usum
2657 4249 2836 4322 abiit3

556 4388 665 4429 nec
709 4372 800 4428 est
842 4367 967 4428 sine
1015 4365 1203 4442 specie
1244 4364 1391 4438 veri,
1440 4364 1760 4440 antequam
1810 4361 2046 4423 dialecti
2080 4362 2276 4421 essent
2319 4359 2634 4434 stabilitae,
2682 4359 2837 4420 Sim-

554 4479 768 4559 plicem
823 4474 1002 4539 variis
1058 4473 1201 4534 locis
1255 4472 1453 4534 varias
1499 4472 1704 4533 tulisse
1759 4470 1996 4550 linguae
2054 4468 2416 4530 mutationes
2478 4466 2577 4546 (cf.
2632 4465 2840 4547 infra).
