3123 5063
1621 308 1704 370 16·

515 473 777 543 missam
811 474 1145 562 faciamus,
1164 513 1252 524 —
1275 474 1427 542 licet
1450 474 1673 541 Pesch.
1705 476 1947 560 aliquot
1975 495 2179 543 annos
2206 482 2357 543 ante
2372 476 2808 562 Ephraemum

510 586 891 653 auctoritate
961 585 1401 653 ecclesiastica
1444 583 1764 671 floruerit,
1830 590 2045 651 tamen
2089 607 2218 653 non
2258 585 2606 673 percipitur
2649 606 2808 671 quo-

519 717 671 764 nam
713 703 904 783 pacto
950 695 1102 762 inde
1149 695 1588 762 Christianam
1633 694 1962 761 eliciamus
2007 695 2338 779 originem.
2422 698 2590 764 Num
2632 695 2809 762 illius

516 806 753 875 aetatis
805 805 1158 873 Christiani
1202 804 1564 871 versionem
1608 826 1650 871 a
1708 806 1750 872 J
1753 803 1977 872 udaeis
2036 805 2458 891 conscriptam
2516 805 2814 891 accipere

518 916 1034 984 dubitavissent?
1144 916 1308 981 Tum
1375 918 1415 983 J
1417 915 1611 982 udaei
1695 915 1818 982 soli
1882 915 2190 983 sermonis
2244 914 2552 982 Hebraici
2627 920 2814 983 erant

521 1027 740 1113 gnari,
785 1026 1298 1110 Christianisque
1315 1076 1332 1112 ,
1401 1045 1594 1110 quum
1639 1024 1719 1091 de
1763 1024 1839 1090 V.
1883 1026 1958 1090 T.
2002 1024 2355 1111 agebatur,
2398 1025 2484 1091 ab
2526 1024 2657 1092 illis
2700 1045 2813 1093 au-

519 1138 747 1203 xilium
792 1144 930 1203 erat
972 1136 1336 1223 petendum.
1440 1135 1529 1200 At
1576 1140 1883 1219 quantum
1928 1135 2129 1221 Syros
2173 1136 2318 1202 tons
2362 1135 2673 1202 Judaicus
2718 1134 2812 1201 of-

518 1247 828 1332 fenderit,
894 1247 1044 1313 inde
1089 1247 1242 1314 licet
1285 1245 1617 1331 cognosci,
1677 1244 1848 1329 quod
1891 1245 2086 1312 tacite
2130 1265 2275 1312 eum
2320 1245 2581 1312 fabulae
2625 1245 2808 1332 ipsae

519 1356 823 1443 probant,
888 1376 1082 1440 quum
1146 1354 1588 1422 Palaestinam
1655 1355 1880 1420 Pesch.
1953 1356 2229 1441 patriam
2297 1375 2438 1423 esse
2499 1360 2811 1423 statuant.

521 1465 752 1532 Nonne
786 1466 995 1531 versio
1030 1464 1215 1529 LXX
1244 1463 1518 1549 interpp.
1546 1484 1589 1529 a
1614 1462 1882 1530 Judaeis
1927 1469 2025 1529 est
2068 1463 2376 1550 confecta,
2424 1484 2808 1548 quamquam

521 1575 733 1642 ubivis
774 1574 937 1641 abiit
976 1575 1044 1640 in
1085 1594 1268 1640 usum
1314 1572 1738 1640 canonicum?

651 1685 738 1751 II.
824 1684 913 1751 Ut
944 1702 1094 1749 vero
1140 1683 1451 1766 originem
1481 1682 1824 1749 Judaicam
1870 1681 2218 1770 excutiant,
2264 1682 2575 1750 versionis
2615 1682 2809 1749 fidem

519 1793 1117 1880 simplicitatemque
1161 1812 1388 1878 parum
1433 1792 1819 1878 respondere
1865 1791 2085 1857 dicunt
2111 1794 2153 1860 J
2155 1791 2504 1859 udaeorum
2547 1792 2806 1877 ingenio

522 1924 602 1970 ac
667 1902 904 1969 rationi
924 1902 1006 1988 ¹);
1076 1922 1269 1985 quam
1336 1921 1469 1968 rem
1512 1902 1724 1988 ipsam
1794 1903 1930 1968 Ric.
1974 1902 2194 1969 Simon
2213 1902 2265 1990 ²)
2331 1902 2418 1970 ad
2482 1908 2808 1971 auctorem

522 2009 841 2079 Judaeum
874 2009 1278 2076 efficiendum
1306 2012 1374 2077 in
1419 2011 1698 2078 medium
1722 2011 2047 2098 'protulit3
2091 2011 2207 2078 sed
2249 2031 2368 2078 nec
2406 2012 2510 2078 hic
2553 2033 2671 2080 nec
2712 2012 2810 2079 illi

521 2120 905 2188 sententiam
932 2141 1115 2187 suam
1162 2120 1558 2214 documentis
1603 2122 1763 2189 satis
1806 2122 2356 2189 confirmaverunt.
2438 2122 2633 2189 Haud
2675 2144 2807 2189 am-

520 2228 718 2313 bigue
785 2229 1042 2313 quidem
1095 2229 1164 2295 in
1208 2231 1716 2316 argumentando
1762 2231 2047 2299 Simonio
2091 2232 2365 2316 Aquilae
2413 2231 2810 2318 perdiligens

518 2339 842 2424 anxiaque
885 2339 1096 2406 versio
1142 2346 1294 2405 ante
1339 2341 1553 2407 oculos
1598 2347 1697 2408 est
1737 2342 2112 2427 obversata,
2171 2340 2483 2407 Wichelh.
2529 2361 2680 2407 vero
2726 2340 2809 2404 de

518 2449 861 2534 Targumis
926 2449 1433 2536 paraphrasticis
1499 2451 1827 2536 cogitavit.
1934 2451 2070 2518 Nec
2136 2455 2234 2517 est
2277 2448 2447 2535 quod
2492 2469 2634 2516 cum
2677 2448 2808 2515 illis

518 2558 675 2625 viris
715 2557 1049 2644 faciamus,
1096 2559 1399 2642 quoniam
1426 2559 1578 2625 illae
1621 2560 1947 2628 versiones
1992 2582 2073 2627 ex
2113 2559 2504 2646 temporibus
2548 2559 2808 2645 quibus-

521 2666 672 2734 dam
728 2668 1011 2754 pendent
1068 2677 1133 2736 et
1172 2669 1260 2737 ad
1301 2669 1492 2736 finem
1536 2675 1777 2736 certum
1819 2676 1968 2737 sunt
2009 2670 2426 2756 conscriptae.
2512 2669 2812 2737 Falsissi·

523 2797 695 2844 mum
737 2784 952 2847 autem
997 2779 1302 2867 dixerim,
1363 2778 1514 2845 inde
1555 2779 1771 2846 facere
1814 2780 2278 2866 coniecturam,
2320 2801 2486 2865 quae
2530 2779 2810 2849 ‚Iudaica

521 2892 657 2952 tum
702 2888 993 2954 vertendi
1036 2888 1200 2953 ratio
1246 2887 1474 2971 fuerit,
1543 2907 1709 2970 quae
1751 2909 1881 2954 non
1924 2887 2135 2954 fuerit.
2246 2888 2455 2965 Quum
2495 2892 2628 2952 toto
2673 2886 2807 2949 fere

523 2994 785 3062 Oriente
849 2995 1072 3079 lingua
1118 2993 1368 3061 Graeca
1431 2992 1688 3060 floreret
1706 2991 1759 3080 3)
1816 2994 2001 3058 LXX
2043 2995 2313 3080 interpp.
2360 2993 2571 3059 versio
2614 2992 2808 3076 longe

519 3103 644 3171 fuit
709 3104 1073 3189 divulgata,
1133 3124 1252 3170 nec
1316 3124 1521 3170 sermo
1567 3101 1927 3169 Hebraicus
1993 3095 2183 3168 facile
2249 3102 2493 3188 patrios
2552 3102 2809 3169 transiit

461 3283 465 3288 ,
520 3214 698 3281 fines.
806 3214 991 3294 Quod
1036 3233 1188 3281 vero
1233 3215 1418 3280 LXX
1461 3215 1734 3301 interpp.
1806 3211 2016 3280 versio
2060 3213 2293 3278 multas
2336 3214 2416 3279 ob
2463 3233 2693 3280 causas
2738 3213 2808 3278 fi-

523 3323 670 3390 dem
713 3323 1103 3392 Judaeorum
1166 3324 1502 3390 amittebat
1568 3330 1632 3390 et
1688 3344 1730 3389 a
1772 3321 2156 3390 Christianis
2200 3321 2285 3388 ad
2330 3323 2808 3409 aggrediendos

521 3434 929 3501 adversarios
993 3441 1056 3499 et
1118 3434 1426 3518 dogmata
1491 3453 1611 3500 sua
1670 3433 2007 3519 probanda
2050 3432 2507 3522 adhibebatur,
2571 3434 2810 3520 Aquila

519 3565 755 3613 novam
801 3543 1115 3611 Graecam
1159 3544 1439 3610 instituit
1478 3544 1855 3630 versionem,
1903 3565 2070 3629 quae
2114 3541 2473 3627 α’ρχέιυπον
2517 3566 2809 3631 compen-

520 3660 714 3740 saret,
757 3654 800 3719 i.
845 3674 898 3719 e.
940 3653 1198 3737 singula
1241 3659 1575 3720 contextus
1621 3655 1819 3720 verba
1861 3654 2160 3721 redderet
2201 3652 2507 3740 fideliter,
2565 3654 2808 3721 adulte-

517 3763 925 3846 rationesque
967 3762 1152 3840 LXX
1195 3762 1466 3849 interpp.
1510 3762 1966 3847 exstingueret,
2009 3782 2127 3827 nec
2171 3783 2251 3828 ex
2297 3763 2510 3829 Rabbi
2554 3763 2809 3831 Akibae

517 3870 859 3957 disciplina
930 3878 995 3938 et
1060 3872 1305 3939 ratione
1362 3874 1680 3940 vocabula
1723 3873 2153 3959 particulasve
2197 3866 2657 3960 interpretandi
2703 3873 2812 3939 de-

654 4154 718 4234 1)
763 4156 1047 4220 Gesenius
1091 4158 1131 4218 l.
1160 4158 1200 4218 1.
1249 4158 1363 4231 86;
1405 4158 1784 4221 Wichelhaus
1827 4179 1964 4238 pag.
2016 4161 2128 4221 73:
2181 4159 2426 4236 »Neque
2470 4177 2541 4219 ea
2584 4158 2811 4236 simpli-

521 4264 701 4326 citate
745 4267 1089 4350 gaudebant
1131 4266 1362 4341 Judaei,
1410 4287 1527 4344 qua
1572 4268 1765 4330 versio
1813 4270 2099 4345 Syrorum
2143 4271 2299 4330 nitet
2343 4272 2404 4330 et
2447 4268 2722 4331 emicat«.

432 4353 433 4360 ‘
657 4370 723 4446 2)
766 4371 808 4432 1.
852 4372 892 4431 1.
937 4393 1074 4452 pag.
1122 4377 1266 4435 305.

652 4474 720 4553 3)
766 4476 853 4540 Of.
899 4477 1142 4557 Joseph.
1228 4480 1377 4543 Ant.
1426 4481 1525 4559 16,
1571 4485 1631 4559 3,
1678 4484 1738 4545 4.
