3123 5063
1370 382 1446 451 '73

254 556 360 620 ΡΒ.
383 554 484 619 66.
578 552 807 637 Κλῆσις
852 553 1077 616 ἐθνῶν
1123 555 1235 616 καί
1271 553 1695 619 ’Λποστόλων
1738 556 2051 640 κήρυγμα.

389 662 493 726 67.
577 664 855 745 Χριστοῦ
898 661 1393 747 ἐνανθρῶπησις
1435 666 1544 726 καὶ
1588 663 1814 726 ἐθνῶν
1857 662 2094 748 κλῆσις.

395 770 498 835 68.

394 879 496 945 69.

399 986 502 1051 70.

401 1094 504 1159 71.

400 1202 505 1267 72.

405 1418 508 1482 73.

409 1635 511 1699 74.

407 1743 510 1808 75.

409 1852 511 1916 76.

417 2068 520 2131 77.

411 2283 512 2348 78.

410 2499 511 2564 79.

412 2717 513 2781 80.

416 2934 517 2998 81.

345 3103 351 3108 .
415 3043 516 3107 82.

415 3258 516 3321 83.

412 3364 513 3428 84.

416 3579 518 3644 85.

414 3688 517 3752 86.

415 3796 518 3860 87.

418 3903 520 3967 88.

417 4010 518 4075 89.

415 4118 520 4182 90.

414 4225 517 4288 91.

589 766 799 854 Πάθη
843 773 1122 852 Χριστοῦ
1164 773 1274 832 καὶ
1311 769 1644 834 Ἰουδαίων
1688 768 2003 854 ἀποβολή.

575 873 872 961 Ἱκετηρία
919 875 1173 941 δικαίου
1216 882 1325 941 καὶ
1366 876 1554 942 αότοῦ
1600 880 1711 943 τοῦ
1750 880 2047 963 Χριστοῦ.

595 986 884 1067 Χριστοῦ
919 984 1113 1069 πάθη
1157 990 1265 1049 καὶ
1309 985 1678 1060 α’νοίστασις.

598 1095 969 1177 Προφητεῖα
1013 1097 1290 1176 Χριστοῦ
1333 1093 1666 1174 βασιλείας
1708 1097 1818 1157 καὶ
1858 1092 2137 1178 κλήσεως
2178 1093 2417 1156 ἐθνῶν.

586 1198 1086 1285 Ἐξομολόγησις
1143 1204 1252 1286 τῆς
1312 1200 1739 1288 α’νθρωπίνης
1787 1199 2134 1275 ἀσθενείας
2176 1200 2283 1264 ἐπὶ
2325 1203 2401 1290 τῇ
2442 1202 2568 1262 τῶν

596 1307 850 1389 α’σεβῶν
891 1307 1211 1392 εὐπραγίᾳ
1255 1312 1365 1372 καὶ
1404 1313 1478 1401 τῇ
1520 1313 1634 1374 τοῦ
1677 1311 1844 1372 θεοῦ
1885 1309 2334 1393 μακροθυμίᾳ.

595 1415 1162 1502 Προαναφῶνησις
1203 1421 1308 1502 τῆς
1364 1418 1635 1503 ἐσχοίτης
1670 1415 2001 1482 Ἰουδαίων
2045 1415 2420 1499 πολιορκίας
2462 1415 2569 1497 τῆς

594 1528 704 1587 τοῦ
739 1522 1237 1590 Οὐεσπασιανοῦ
1279 1529 1388 1589 καὶ
1442 1512 1635 1589 Τίτου
1676 1527 2038 1609 γενομένης.

600 1636 877 1717 Χριστοῦ
899 1632 1214 1713 θεολογία
1238 1637 1348 1696 καὶ
1389 1631 1744 1719 ῦπόμνησις
1773 1635 1884 1700 τοῦ
1926 1633 2115 1695 θείου
2147 1630 2570 1715 δικαστηρίου.

590 1741 935 1828 Ἕκδίκησις
979 1742 1140 1806 κατὰ
1186 1741 1440 1826 α’σεβῶν
1480 1746 1587 1827 τῆς
1627 1744 1739 1806 τοῦ
1785 1744 1952 1807 θεοῦ
1991 1742 2267 1824 κρίσεως.

600 1853 760 1934 Περὶ
804 1852 908 1935 τῆς
950 1852 1062 1914 τοῦ
1108 1854 1273 1914 θεοῦ
1329 1853 1790 1937 μακροθυμίας
1849 1852 1958 1912 καὶ
1999 1852 2126 1912 τῶν
2168 1851 2571 1929 θαυμαστῶν

599 1959 801 2042 ἔργων
845 1956 1060 2026 αὐτοῦ.
1474 2030 1478 2033 ,

607 2070 883 2150 Χριστοῦ
943 2065 1241 2152 διαστολὴ
1314 2067 1476 2151 πρὸς
1532 2068 1645 2153 τήν
1703 2066 2043 2153 ἐκκλησίαν
2100 2070 2247 2151 περὶ
2302 2069 2407 2151 τῆς
2464 2071 2575 2129 τοῦ

606 2177 917 2257 προτέρου
960 2172 1125 2238 λαοῦ
1170 2157 1604 2260 παρανομίας.

601 2283 972 2366 ῙΙροφητεία
1034 2285 1160 2346 τῶν
1218 2279 1354 2347 α’πὸ
1415 2286 1528 2363 τοῦ
1565 2281 1907 2363 Ἀντιόχου
1964 2285 2038 2372 τῇ
2088 2280 2370 2361 Ἰουδαίᾳ
2413 2299 2575 2363 συμ-

603 2389 865 2470 βάντων
908 2388 1143 2466 αὐτοῖς,
1192 2393 1234 2473 ἢ
1278 2389 1522 2476 ἶστορία
1568 2394 1750 2474 παρὰ
1796 2392 1942 2465 τοὺς
1985 2393 2480 2473 Μακκαβαίους.

602 2500 970 2583 Προφητεία
1031 2501 1136 2583 τῆς
1194 2496 1324 2563 ὑπὸ
1395 2501 1523 2564 τῶν
1571 2497 1941 2583 Ἀσσυρίων
2014 2498 2391 2583 πολιορκίας
2465 2502 2575 2560 καὶ

608 2606 819 2690 δέησις
863 2611 1009 2687 περὶ
1051 2612 1157 2691 τῆς
1202 2611 1473 2691 Χριςτοῦ
1515 2607 1923 2692 ἐπιφανείας.

605 2715 837 2800 Κλῆσις
891 2715 1112 2779 ἐθνῶν
1173 2720 1280 2778 καὶ
1341 2714 1735 2779 διδασκαλία
1796 2719 1921 2779 τῶν
1965 2715 2445 2799 συμβεβηκότων
2488 2718 2575 2799 τῷ

542 2839 545 2844 ’
607 2825 893 2909 προτέρῳ
941 2822 1102 2909 λαῷ.

605 2931 886 3011 Ἔλεγχος
929 2935 1055 2995 τῶν
1099 2929 1433 3016 α’ρχόντων
1476 2935 1589 2996 τοῦ
1625 2931 1958 2996 Ἰουδαίων
1992 2934 2248 3006 ἔθνους.

603 3043 829 3125 Δέησις
872 3043 1017 3126 περὶ
1059 3044 1171 3104 τοῦ
1215 3041 1631 3116 πεπονθότος
1664 3044 2021 3105 σκυθέωπα
2067 3040 2228 3104 λαοῦ
2274 3043 2380 3101 καὶ
2423 3062 2577 3123 προ-

611 3151 836 3232 φητεία
882 3151 1027 3234 περὶ
1069 3153 1180 3212 τοῦ
1223 3149 1439 3224 τέλους
1481 3152 1612 3213 τῶν
1651 3149 1913 3233 ἐχθρῶν
1955 3150 2064 3211 τοῦ
2113 3142 2411 3229 Χριστοῦ.

602 3259 882 3341 Χριστοῦ
925 3254 1430 3341 ἐνανθρῶπησις
1476 3258 1586 3318 καὶ
1631 3262 1778 3340 περὶ
1822 3258 1949 3318 τῶν
1991 3253 2362 3337 ἐκκλησιῶν.

603 3365 976 3448 Προφητεία
1020 3363 1111 3437 εἷς
1153 3364 1264 3427 τὸν
1306 3365 1584 3449 Χριστὸν
1642 3367 1750 3426 καὶ
1806 3365 1950 3437 τούς
2009 3361 2096 3425 δι’
2153 3359 2345 3425 αὐτοῦ
2391 3359 2580 3423 λελυ-

605 3473 981 3555 τρωμένους.

608 3580 920 3664 Ρροςευχὴ
967 3579 1180 3643 Δαυὶδ
1222 3584 1331 3643 καὶ
1375 3584 1732 3666 προφητεία
1776 3579 2051 3667 κλήσεως
2095 3579 2338 3643 ἐθνῶν.

603 3691 882 3770 Χριστοῦ
925 3687 1452 3773 ἐνανθρῶπησις.

606 3797 887 3878 Χριστοῦ
934 3798 1234 3861 θάνατον
1280 3796 1663 3884 προφητεύς.

608 3904 888 3986 Χριστοῦ
927 3904 1222 3986 βασιλεία
1267 3904 1338 3968 ἐκ
1383 3906 1747 3989 σπέρματος
1790 3904 2019 3968 Δαυῖδ.

600 4006 933 4073 Ἰουδαίων
976 4009 1288 4095 α’ποβολή.

606 4119 886 4200 Χριστοῦ
929 4120 1071 4202 νίκη
1134 4124 1243 4181 καὶ
1287 4120 1527 4193 παντὸς
1571 4125 1678 4183 τοῦ
1741 4118 1879 4183 κατ’
1922 4115 2118 4181 αὐτὸν
2161 4117 2577 4198 τελειομένου.

613 4228 775 4307 Περὶ
822 4227 928 4309 τῆς
970 4227 1131 4287 κατὰ
1183 4226 1347 4290 θεὸν
1390 4225 1845 4301 α’ναπατῖσεως.

429 4332 531 4397 92.
609 4330 841 4413 Ὑμνος
887 4331 1221 4413 βασιλείας
1265 4324 1552 4418 Χριστοῦ
1583 4335 1691 4399 ἐπὶ
1734 4338 1840 4420 τῆς
1884 4334 2134 4421 πρώτης
2178 4331 2375 4397 αι’τοῦ
2413 4353 2587 4416 παρ-

422 4550 522 4613 93.

611 4443 850 4515 ουσίας.

610 4551 773 4634 Περὶ
815 4552 941 4614 τῶν
984 4552 1147 4614 κατὰ
1189 4553 1294 4635 τῆς
1337 4550 1670 4636 ἐκκλησίας
1712 4551 2083 4635 δωγμοῖτων.

2087 4665 2123 4722 6
