3123 5063
1626 340 1668 415 8

498 526 836 592 rarumque
881 505 1391 574 Christianarum
1432 513 1776 592 sectarum,
1820 505 2103 593 exceptis
2149 505 2332 593 Syris
2378 527 2458 574 ac
2500 526 2785 593 praeser-

502 617 614 682 tim
669 616 1142 702 Orientalibus‚
1204 616 1519 702 siquidem
1586 638 1805 683 eorum
1865 616 2224 704 exemplar,
2289 617 2459 703 quod
2515 616 2786 703 simplex

504 733 757 810 vocant,
817 726 968 810 quia
1026 727 1095 791 in
1141 726 1278 792 eius
1322 727 1618 793 versione
1663 726 2129 809 elegantiarum
2179 727 2344 792 ratio
2391 726 2616 793 habita
2658 746 2787 792 non

505 836 613 920 sit,
661 836 976 902 consentit
1007 856 1149 903 cum
1196 836 1550 922 exemplari
1585 834 1995 902 Judaeorum.
2083 835 2530 902 Occidentales
2574 840 2788 902 autem

508 945 671 1012 duas
714 945 952 1011 habent
995 947 1355 1031 versiones,
1401 945 1807 1030 Simplicem,
1854 965 2020 1028 quae
2067 966 2147 1010 ex
2192 946 2512 1011 Hebraico
2557 946 2625 1011 in
2669 945 2788 1030 Sy-

505 1053 747 1120 riacum
809 1055 1124 1120 translata
1182 1060 1279 1121 est
1332 1059 1479 1140 post
1531 1053 1877 1119 adventum
1921 1053 2180 1120 Domini
2225 1054 2463 1121 Christi
2505 1061 2789 1141 tempore

506 1163 717 1229 Adaei
758 1163 1085 1251 Apostoli,
1129 1165 1267 1250 vel,
1312 1169 1381 1230 ut
1433 1162 1547 1229 alii
1593 1163 1848 1249 dicunt,
1893 1168 2178 1250 tempore
2224 1163 2616 1250 SalomoniS,
2673 1162 2790 1229 filii

507 1272 800 1360 navidis,
846 1280 910 1340 et
951 1272 1263 1339 Hirami“.

637 1382 819 1462 Quae
871 1382 1270 1448 narrationes
1329 1402 1370 1447 a
1411 1381 1569 1447 viris
1607 1380 1811 1446 doctis
1857 1380 2252 1466 superiorum
2297 1385 2582 1445 aetatum
2630 1378 2791 1446 ultro

506 1500 839 1578 receptae,
897 1513 938 1558 a
991 1491 1450 1559 recentioribus
1508 1498 1832 1575 tamquam
1891 1491 2080 1557 fictae
2136 1497 2199 1556 et
2257 1490 2592 1556 fabulosae
2647 1494 2794 1556 sunt

511 1600 802 1666 abiectae
824 1599 889 1687 1).
986 1600 1400 1667 Wichelhaus
1422 1598 1473 1686 2)
1528 1620 1680 1666 vero
1740 1598 1983 1685 primus
2042 1599 2403 1666 accuratius
2461 1597 2795 1682 inquisivit

509 1716 720 1775 utrum
765 1750 849 1758 —-
895 1731 1021 1794 qua
1064 1711 1134 1775 in
1178 1729 1246 1774 re
1293 1728 1511 1775 omnes
1556 1709 1653 1774 illi
1697 1709 2041 1793 scriptores
2087 1713 2492 1775 consentiunt
2533 1745 2621 1756 —
2662 1707 2793 1774 Ab·

514 1840 672 1902 garo
716 1839 871 1903 rege
899 1819 1228 1904 Scriptura
1272 1820 1494 1902 Sacra,
1538 1819 1768 1884 saltem
1814 1818 2033 1900 aliqua
2078 1838 2160 1883 ex
2202 1824 2407 1903 parte,
2450 1818 2519 1882 in
2564 1837 2795 1883 sermo-

513 1949 661 1996 nem
701 1928 1054 2012 Syriacum-
1082 1948 1392 1994 conversa
1434 1935 1602 1994 esset
1646 1948 2010 2011 magnaque
2056 1949 2199 1993 cum
2244 1926 2535 1994 doctrina
2579 1927 2798 2011 Abga-

436 2051 442 2065 '
515 2059 654 2103 rum
713 2037 780 2102 in
826 2035 1062 2102 fabulis
1120 2035 1503 2102 Christianis
1565 2034 1835 2100 eundem
1880 2055 2020 2101 esse
2079 2042 2270 2119 atquc
2315 2036 2558 2101 Izatem
2600 2034 2797 2101 Adia-

515 2146 886 2230 benensem,
934 2145 1013 2210 de
1075 2164 1197 2227 quo
1244 2141 1566 2228 Josephus
1609 2144 1809 2208 multa
1852 2144 2196 2210 memoriae
2240 2145 2484 2230 prodit,
2542 2143 2799 2211 demon-

515 2261 717 2322 strare
797 2255 1038 2321 studuit
1057 2253 1128 2341 3).
1259 2253 1748 2337 Argumentatio
1835 2275 1989 2319 vero
2056 2255 2553 2341 Wichelhausii,
2627 2254 2800 2340 quod

515 2373 648 2431 tam
706 2364 947 2430 blanda
1004 2370 1100 2430 est
1165 2382 1244 2428 ac
1297 2384 1502 2449 nova,
1560 2370 1631 2429 ut
1675 2364 1868 2429 facile
1931 2385 2074 2430 cum
2117 2365 2399 2432 Perlesio
2461 2386 2603 2431 eam
2668 2386 2801 2431 am·

396 2514 413 2534 1
518 2474 843 2560 plectam,
905 2492 1138 2560 operae
1183 2473 1458 2559 pretium
1512 2472 1720 2539 visum
1778 2477 1875 2539 est
1930 2473 2069 2539 sine
2123 2473 2222 2540 ira
2278 2479 2341 2540 et
2398 2473 2608 2541 studio
2667 2494 2803 2541 rem

522 2584 911 2650 examinare.
994 2584 1248 2667 Abgari
1294 2583 1550 2666 quidem
1597 2604 1951 2668 cognomen
1995 2583 2169 2669 apud
2213 2605 2398 2669 reges
2439 2583 2803 2653 Edessenos

519 2694 953 2778 tritissimum,
1014 2693 1210 2758 semel
1253 2694 1321 2758 in
1363 2693 1655 2778 principe
1697 2692 2138 2759 Adiabenensi
2181 2692 2711 2781 deprehendimus
2728 2694 2805 2782 4).

519 2804 730 2888 Atque
757 2804 968 2870 Moses
1003 2802 1432 2869 Chorenensis
1469 2802 1709 2888 (rerum
1739 2802 2184 2869 Armeniarum
2212 2804 2483 2890 scriptor
2509 2804 2567 2871 V
2607 2803 2805 2893 saec.)

519 2915 721 2981 multa
765 2913 843 2979 de
889 2911 1250 2978 fabularum
1297 2911 1809 2978 Christianarum
1852 2912 2114 2996 Abgaro
2160 2915 2394 2999 retulit,
2436 2935 2603 2999 quae
2645 2915 2804 2981 mire

523 3045 665 3091 cum
693 3022 976 3109 Josepho
1023 3022 1102 3088 de
1131 3024 1310 3105 Izate
1353 3022 1551 3089 verba
1595 3022 1878 3088 faciente
1923 3022 2282 3089 concinunt.
2367 3025 2545 3091 Mose
2589 3032 2806 3093 autem

526 3139 818 3218 auctore,
874 3132 1126 3216 Abgari
1185 3132 1353 3217 patri
1412 3152 1646 3197 nomen
1707 3136 1844 3196 erat
1886 3131 2237 3197 Ardsamus
2300 3132 2440 3198 sive
2482 3133 2809 3220 Arsamus‚

526 3242 635 3326 qui
660 3242 831 3308 idem
861 3241 1254 3307 Monobazus
1285 3239 1754 3325 appellabatur,
1798 3241 1986 3304 uxori
2025 3238 2115 3326 (P)
2146 3240 2283 3306 eius
2313 3241 2583 3327 Helena,
2628 3243 2808 3310 cuius

524 3351 881 3438 sepulcrum
913 3349 1378 3434 Hierosolymis
1414 3355 1552 3415 erat
1581 3348 2319 3435 magnificentissimum3
2362 3350 2428 3415 in
2459 3351 2611 3416 aula
2653 3372 2807 3418 vero

524 3462 707 3546 regia
770 3460 1067 3547 permulti
1129 3459 1556 3525 versabantur
1623 3457 1909 3524 homines
1955 3457 2213 3543 Judaei‚
2265 3459 2431 3526 inter
2474 3481 2632 3546 quos
2675 3482 2809 3527 ma-

524 3572 696 3636 xime
742 3569 1098 3636 excellebat
1133 3569 1419 3633 Enanus.
1505 3568 1547 3634 J
1551 3567 1826 3652 osephus
1869 3588 2085 3634 rursus
2129 3575 2369 3655 narrat,
2414 3571 2653 3638 Izatem
2697 3592 2810 3656 pa·
2867 3561 2870 3562 ⁷

525 3681 811 3746 rentibus
864 3697 1005 3744 esse
1049 3697 1235 3744 usum
1277 3677 1633 3743 Monobazo
1680 3683 1744 3742 et
1791 3678 2074 3763 Helena,
2138 3698 2302 3760 quae
2347 3680 2811 3767 Hierosolymis

529 3792 907 3886 sepulcrum·
932 3809 1116 3855 suum
1162 3785 1615 3853 exstruendum
1660 3787 1976 3854 curaverit
1992 3786 2073 3873 ⁵)3
2121 3807 2338 3872 regem
2385 3790 2594 3875 ipsum
2637 3792 2810 3859 Ana-

661 3973 725 4053 1)
771 3975 858 4036 Of.
901 3975 1222 4049 Berthold,
1266 3974 1612 4053 Einleitung
1651 3974 1762 4033 etc.
1812 3973 1955 4045 594,
2001 3970 2297 4032 Eichhorn
2342 3972 2469 4033 476
2518 3992 2638 4051 seq.

661 4082 727 4162 2)
767 4085 809 4144 l.
850 4083 892 4143 1.
940 4083 1259 4144 97-113.

660 4191 726 4270 3)
767 4193 934 4252 Idem
998 4192 1120 4253 iam
1172 4189 1497 4251 Whistonii
1557 4189 1778 4251 fratres
1793 4235 1809 4266 ,
1869 4188 2124 4250 editores
2191 4188 2374 4250 Mosis
2427 4190 2814 4254 Chorenensis

531 4303 1027 4365 coniectaverunt.

660 4409 727 4488 4)
769 4409 884 4470 Dio
930 4409 1093 4471 Cass,
1136 4409 1186 4484 Ι,
1237 4407 1338 4469 74.

658 4519 726 4601 5)
764 4520 890 4580 JOS.
936 4518 1165 4598 antiqq.
1209 4517 1336 4596 XX,
1383 4518 1441 4594 4,
1490 4517 1549 4584 3,.
