3123 5063
1672 360 1764 418 ὅθ’

581 540 722 587 cum
767 521 954 587 LXX
994 521 1266 607 interpp.
1307 522 1604 588 versione
1649 530 2010 607 congruunt
2031 524 2102 610 ¹).
2188 526 2369 605 Quae
2414 525 2868 611 inscriptiones

569 650 762 714 quum
831 631 1025 715 vulgo
1071 632 1441 697 contineant
1485 651 1589 696 res
1633 631 1719 697 ad
1765 632 2075 717 dogmata
2121 635 2494 703 Christiana
2538 637 2866 720 pertinen-

571 744 695 823 teS,
756 738 1071 805 Gesenius
1131 760 1174 805 a
1232 739 1598 805 Christiano
1657 740 1950 807 Psalmos
2017 761 2158 808 esse
2218 745 2568 809 translatos
2624 743 2869 826 voluit,

574 850 962 917 recentiores
1027 869 1181 916 vero
1246 849 1368 913 viri
1440 849 1612 914 docti
1658 850 2207 937 coniectaverunt,
2269 873 2381 918 eas
2426 872 2568 919 esse
2614 851 2870 918 addita·

575 967 793 1026 menta
854 960 1238 1045 posteriora,
1304 978 1424 1023 nec
1492 958 1924 1024 coniecturam
1971 962 2367 1043 argumentis
2414 961 2560 1027 ullis
2605 960 2869 1026 studue-

576 1073 724 1133 runt
754 1069 1047 1152 probare.
1135 1066 1354 1132 Rebus
1388 1066 1481 1130 ita
1513 1067 1900 1151 compositis,
1945 1067 2359 1133 vehementur
2379 1075 2476 1135 est
2500 1066 2867 1152 dolendum,

578 1175 679 1242 his
724 1176 791 1240 in
834 1174 1155 1257 angustiis
1199 1173 1383 1239 nobis
1429 1173 1654 1239 deesse
1696 1173 2044 1259 Ephraemi
2088 1177 2596 1243 commentarios.
2671 1172 2869 1242 'Atta-

575 1304 720 1349 men
752 1283 808 1349 si
832 1281 1174 1366 diligenter
1216 1302 1348 1347 rem
1394 1281 1833 1368 perspicimus,
1875 1283 1943 1347 in
1983 1284 2504 1369 inscriptionibus
2546 1286 2868 1369 quaedam

575 1412 678 1457 res
724 1391 804 1456 de
838 1390 1110 1457 Davidis
1154 1391 1289 1455 vita
1333 1389 1687 1472 traduntur,
1736 1388 1815 1454 de
1861 1391 2091 1473 quibus
2136 1399 2543 1458 monumenta
2586 1393 2866 1463 litterae-

577 1521 700 1585 que
767 1519 1084 1583 nusquam
1150 1498 1314 1564 alias
1359 1497 1697 1583 perhibent
1717 1497 1765 1575 2)
1785 1547 1801 1582 ,
1874 1498 2131 1582 aliaque
2176 1506 2497 1566 momenta
2540 1500 2866 1586 historica,

576 1630 740 1695 quae
786 1608 873 1674 ad
917 1606 1236 1673 Davidem
1279 1626 1408 1672 non
1452 1611 1763 1691 spectant,
1810 1614 2380 1674 commemorantur
2395 1607 2467 1695 ³).
2559 1608 2868 1674 Permulti

576 1717 836 1802 quidem
890 1714 1130 1780 Psalmi
1197 1713 1485 1799 duplices
1546 1714 1765 1780 titulos
1831 1715 2162 1801 exhibent,
2256 1737 2523 1800 quorum
2590 1717 2754 1783 alter
2824 1737 2866 1783 a

574 1825 860 1912 ὶμραω
884 1830 1143 1913 orditur,
1174 1829 1335 1895 alter
1365 1850 1405 1893 a
1439 1821 1729 1908 ιωὶΔ-υοὶ
1764 1830 1866 1894 vel
1908 1820 2094 1936 (Σο,
2147 1838 2396 1942 anolo,
2440 1821 2619 1923 (λη
2680 1824 2862 1944 ῥο,

578 1954 737 2030 cett,
780 1947 890 2013 ille
917 1945 1173 2030 quidem
1203 1945 1573 2031 plerumque
1618 1943 1703 2010 ad
1730 1945 2004 2011 Davidis
2033 1946 2253 2031 vitam,
2295 1946 2401 2012 hic
2445 1946 2532 2012 ad
2558 1946 2865 2031 dogmata

578 2055 947 2122 Christiana
990 2054 1285 2141 pertinet.
1372 2053 1518 2118 Mea
1573 2051 1830 2136 quidem
1872 2054 2190 2119 sententia
2231 2091 2314 2105 -—-
2360 2066 2431 2120 ut
2474 2054 2555 2120 de
2600 2053 2866 2139 duplici·

576 2165 698 2230 bus
740 2164 941 2230 titulis
985 2164 1259 2249 primum
1305 2161 1541 2227 faciam
1586 2163 1787 2228 verba
1822 2200 1911 2209 —
1953 2161 2105 2227 illae
2147 2163 2598 2249 inscriptiones
2645 2169 2866 2229 carent

578 2273 750 2340 omni
809 2293 1015 2357 nexu3
1073 2293 1223 2337 nam
1277 2291 1428 2356 pars
1464 2271 1637 2356 prior
1683 2290 1901 2336 earum
1944 2290 2025 2335 ex
2069 2271 2390 2337 veteribus
2434 2271 2731 2339 Judaicis
2771 2273 2866 2337 in-

578 2381 1032 2467 scriptionibus
1078 2381 1324 2464 relicta,
1368 2378 1740 2464 plerumque
1784 2386 2082 2462 corrupta
2129 2383 2243 2462 est,
2282 2383 2500 2444 tamen
2545 2379 2683 2444 eius
2728 2399 2867 2445 ves-

579 2489 744 2574 tigia
814 2488 1098 2574 genuina
1161 2487 1371 2572 magis
1439 2486 1731 2552 minusve
1774 2486 2114 2572 perspicua
2157 2485 2490 2572 videnturz,
2553 2487 2868 2574 posterior

580 2618 731 2665 vero
798 2619 840 2663 a
885 2596 1270 2663 Christianis
1330 2595 1692 2661 hominibus
1762 2600 1860 2660 est
1920 2594 2161 2660 addita.
2272 2596 2585 2679 Equidem
2651 2603 2869 2663 autem

580 2706 726 2774 volo
770 2708 811 2773 J
816 2705 1078 2772 udaicas
1136 2711 1199 2770 et
1244 2711 1491 2771 veteres
1556 2704 2006 2789 inscriptiones
2063 2725 2193 2771 non
2258 2724 2399 2771 esse
2444 2712 2698 2772 nostras
2744 2707 2869 2772 He-

578 2817 854 2900 braicas,
897 2812 1014 2881 sed
1055 2811 1402 2886 ὑποθέσεις
1447 2812 1527 2877 de
1573 2815 1985 2896 argumento,
2032 2811 2112 2878 de
2154 2813 2281 2877 ritu
2327 2819 2485 2897 cett,
2558 2834 2688 2897 qua
2734 2820 2870 2881 tum

579 2925 831 2991 ratione
875 2925 916 2990 J
920 2922 1112 2989 udaei
1156 2922 1553 3007 Scripturam
1597 2921 1861 2986 Sacram
1906 2920 2506 3006 interpretabantur.
2593 2924 2730 2990 Nec
2773 2931 2872 2992 est

579 3030 1217 3120 praetermittendum
1255 3029 1548 3095 Psalmos
1591 3035 1725 3093 tum
1769 3029 1837 3094 in
1884 3049 2001 3096 usu
2047 3028 2247 3096 fuisse
2292 3031 2585 3115 privato..

711 3141 921 3224 Atque
983 3138 1154 3223 quod
1198 3136 1505 3203 Romanis
1561 3137 2026 3223 imperantibus
2090 3138 2467 3204 condicione
2512 3135 2870 3206 miserrima

579 3248 958 3314 fruebantur
1001 3246 1513 3313 Palaestinenses
1567 3246 1699 3311 iam
1743 3251 1892 3311 ante
1934 3247 2238 3332 templum
2281 3247 2348 3312 II
2393 3247 2699 3332 deletum,
2768 3271 2869 3314 ex-

580 3357 818 3439 terique
859 3346 1095 3424 Judaei
1159 3354 1558 3438 gravissimis
1613 3354 2164 3439 persecutionibus
2221 3356 2656 3443 vexabantur,
2722 3377 2874 3443 spes

686 3598 780 3684 ⁴1)
824 3600 991 3671 Quod
1034 3599 1332 3659 interdum
1398 3583 1602 3694 1¹³⁰>
1660 3599 1724 3657 in
1767 3597 2043 3676 Simplice
2087 3601 2282 3676 deest,
2347 3599 2410 3662 in
2452 3603 2626 3663 textu
2669 3606 2876 3666 autem

581 3717 878 3778 Hebraico
924 3718 985 3775 et
1025 3715 1090 3774 in
1132 3715 1290 3774 LXX
1329 3716 1586 3789 interpp.
1614 3715 1898 3798 ¹versione
1943 3715 2252 3776 exhibetur
2269 3763 2283 3791 ,
2350 3718 2445 3780 vel
2505 3719 2632 3780 vice
2676 3738 2875 3795 versa,

582 3827 758 3887 fiuxit
820 3825 993 3910 facile
1059 3843 1131 3883 ex
1174 3823 1556 3884 librariorum
1604 3841 1803 3882 errore
1849 3823 1963 3899 (Cf.
2008 3824 2105 3885 Ps.
2158 3827 2235 3885 22
2283 3827 2346 3884 in
2393 3825 2622 3904 Pesch.)
2695 3829 2880 3889 Eius-

582 3935 745 3995 modi
806 3936 1049 4010 peccata
1114 3932 1293 3993 etiam
1349 3934 1414 3991 in
1470 3930 1655 3992 variis
1700 3929 1861 3989 LXX
1917 3931 2176 4008 interpp.
2226 3932 2514 3994 versionis
2574 3935 2877 3998 codicibus

585 4062 760 4119 saepe
804 4042 1088 4103 invenies.

718 4157 782 4232 2)
829 4158 926 4217 Pe.
991 4158 1065 4216 11
1131 4156 1345 4216 titulus
1403 4156 1496 4213 est
1552 4154 1680 4213 hio:
1756 4144 1858 4215 xis
1929 4138 2084 4222 bns
2148 4148 2444 4236 ..maj
2520 4174 2594 4250 ρ
2658 4143 2877 4252 ,9ορ

589 4317 903 4364 ..σιω-*30
960 4292 1086 4378 lom
1116 4291 1399 4374 ...nahah
1447 4297 1535 4359 cf.
1583 4297 1685 4357 40.
1737 4297 1860 4356 144
1907 4296 2075 4357 alios.

632 4451 635 4456 ·
719 4416 783 4490 3)
827 4417 925 4476 Ps.
975 4417 1096 4476 107
1144 4415 1548 4491 inscriptionis
1608 4416 1843 4491 partem
1898 4416 2158 4491 priorem
2203 4416 2467 4478 conferas
2512 4438 2643 4479 cum
2689 4421 2720 4480 Ι
2764 4423 2884 4485 Sa.

586 4527 744 4592 muel
789 4527 849 4601 8,
895 4528 954 4590 3.
