3123 5063
1616 326 1696 413 10

519 482 879 552 ducendum
925 508 1084 575 esse,
1128 490 1270 557 luce
1315 498 1412 558 est
1456 493 1726 581 clariUS‚
1784 496 2092 582 imprimis
2138 516 2334 582 quum
2382 535 2462 545 -
2507 502 2577 562 nt
2618 517 2817 583 supra

521 593 798 662 diximus
843 637 930 647 -—-
973 600 1183 667 Moses
1228 603 1427 668 multa
1471 607 1761 689 assignet
1805 608 2101 692 Abgaro,
2170 628 2336 691 quae
2377 606 2464 672 ad
2508 607 2672 673 alios
2717 627 2813 673 re-

522 726 637 788 ges
691 706 864 772 haud
916 708 1107 775 dubie
1151 718 1299 777 sunt
1344 713 1700 780 referenda.
1811 716 1941 801 Sed
1988 717 2243 782 etiamsi
2289 717 2586 800 Abgarus
2631 715 2813 781 fabu-

517 814 726 881 larum
772 817 1279 887 Christianarum
1343 821 1511 887 idem
1557 830 1725 890 esset
1771 830 1962 907 atque
2008 826 2220 890 Izates
2265 825 2551 910 Josephi,
2598 830 2815 890 tamen

522 946 650 990 non
695 948 1001 1011 magnum
1042 930 1194 996 inde
1238 931 1597 999 faceremus
1640 932 1901 1009 lucrum.
1988 933 2201 999 Moses
2247 934 2417 998 enim
2440 984 2456 1017 ‚
2525 933 2636 1015 qui
2680 933 2811 997 Ab·

521 1056 751 1118 garum
795 1038 1080 1121 quolibet
1122 1039 1309 1106 modo
1353 1041 1515 1107 solet
1558 1043 1926 1126 celebrare,
1991 1062 2307 1126 nusquam
2352 1039 2621 1125 accepit,
2669 1039 2815 1104 Bib-

517 1143 747 1211 Iiorum
792 1148 1276 1214 translationem
1321 1151 1458 1216 eius
1500 1152 1680 1217 iussu
1728 1151 1969 1216 factam
2003 1176 2019 1233 3
2081 1171 2199 1216 nec
2242 1150 2563 1235 Josephus
2606 1149 2803 1214 Izatis

519 1256 831 1340 aequalis,
862 1260 1397 1342 praetermisisset
1428 1261 1832 1326 occasionem
1864 1260 2385 1326 narratiunculae
2420 1257 2809 1342 afferendae,

520 1366 621 1430 cui
667 1367 830 1431 mira
873 1388 1016 1432 cum
1058 1369 1298 1454 insigni
1346 1370 1637 1436 Graecae
1682 1372 1995 1437 versionis
2042 1372 2278 1457 (LXX)
2327 1370 2577 1454 origine
2621 1368 2814 1433 inter-

523 1473 712 1540 cedat
771 1476 1138 1544 similitudo.
1226 1479 1453 1548 Adiice
1509 1481 1680 1564 quod
1726 1481 1876 1565 Syri
1935 1502 2061 1546 uno
2126 1501 2234 1546 ore
2277 1480 2611 1564 Abgarum
2674 1499 2818 1543 cum

516 1584 740 1651 Adaeo
788 1588 924 1653 sive
967 1587 1275 1655 Thadaeo
1322 1591 1630 1675 Apostolo
1678 1591 2089 1675 coniungunt,
2154 1610 2320 1673 quae
2366 1609 2468 1655 res
2514 1587 2593 1654 de
2638 1587 2812 1652 Izate

521 1697 692 1761 omni
757 1706 931 1765 caret
975 1720 1184 1767 8611811.

651 1808 859 1892 Atque
904 1811 1157 1877 fabulas
1184 1812 1361 1897 ipsas
1387 1812 1922 1897 perlustrantibus
1947 1811 2150 1890 1101118,
2200 1811 2541 1896 permirum
2564 1808 2819 1874 videtur

519 1936 678 2001 esse,
726 1917 896 2001 quod
940 1941 1124 1987 nemo
1169 1928 1320 1987 ante
1367 1923 1683 1989 Jacobum
1727 1921 2123 1987 Edessenum
2172 1941 2284 1986 eas
2329 1920 2565 2003 attigit.
2652 1920 2819 1985 Nam

519 2026 919 2111 Ephraemus
964 2030 1087 2095 hac
1132 2030 1211 2096 de
1256 2052 1324 2096 re
1370 2032 1531 2097 nihil
1577 2032 1774 2097 habet
1816 2038 2235 2116 compertum,
2297 2051 2488 2114 quam
2533 2028 2821 2111 alioquin

519 2157 650 2202 non
711 2139 1029 2204 omisisset
1092 2141 1368 2225 referre,
1435 2161 1555 2207 nec
1616 2141 1802 2207 aliter
1845 2142 2056 2207 Moses
2101 2140 2373 2206 Choren.
2417 2138 2560 2223 qui,
2630 2137 2684 2202 si
2725 2137 2821 2203 fa-

519 2245 711 2312 bulae
756 2247 894 2314 eius
921 2255 1134 2315 aetate
1181 2251 1311 2315 iam
1341 2251 1722 2335 floruissent,
1767 2272 1882 2337 per
1922 2251 2178 2335 Syriam
2211 2251 2334 2315 iter
2378 2245 2692 2331 faciens1)
2739 2245 2822 2311 de

518 2354 601 2421 iis
661 2357 907 2441 aliquid
978 2362 1357 2444 cognovisse
1425 2361 1717 2429 debebat.
1807 2362 2073 2428 Omnem
2139 2381 2289 2427 vero
2359 2358 2822 2423 dubit-ationem

524 2463 720 2531 demit
757 2468 1131 2537 Theodorus
1176 2472 1676 2557 Mopsvestensis
1721 2471 1792 2560 (†
1808 2471 1965 2559 429)
2013 2470 2120 2556 qui
2182 2470 2260 2535 de
2305 2468 2554 2535 Veteris
2598 2468 2821 2533 Testa-

522 2578 720 2642 menti
765 2581 1057 2647 versione
1089 2581 1363 2665 Syriaca
1407 2583 1606 2648 verba
1636 2582 1793 2647 facit
1827 2582 2022 2647 haec:
2066 2576 2467 2664 ἑρμηνεύεται
2511 2576 2583 2638 δὲ
2626 2579 2822 2641 ταῦτα

524 2683 627 2769 (τ’)ἓ
688 2687 924 2774 βιβλία)
981 2690 1070 2763 εἷς
1107 2694 1228 2772 μὲν
1287 2691 1396 2774 τὴν
1445 2694 1675 2774 Σύρων
1736 2692 1892 2775 παρ’
1957 2688 2104 2752 ὅτου
2168 2688 2243 2751 δέ
2296 2709 2447 2750 ποτε
2503 2685 2656 2750 οὐδὲ
2697 2687 2821 2770 γὰρ

521 2791 825 2870 ἔγνωσται
876 2799 1059 2881 μέχρι
1120 2801 1226 2883 τῆς
1270 2798 1543 2882 σήμερον
1600 2796 1765 2871 ὅστις
1816 2801 1968 2860 ποτὲ
2014 2795 2205 2871 αὐτός
2271 2793 2552 2879 ἐπικῇ).
2656 2795 2823 2859 Tum

523 2902 780 2985 quidem
824 2906 985 2970 nihil
1046 2908 1178 2971 iam
1222 2912 1535 2973 noverunt
1580 2907 1871 2973 homines
1915 2906 1995 2972 (16
2049 2906 2275 2974 Ρ68611.
2320 2909 2534 2970 aetate
2578 2923 2698 2969 nec
2743 2902 2823 2968 de

521 3011 776 3098 fabulis,
822 3035 987 3099 quae
1038 3017 1214 3082 VIII.
1260 3016 1514 3081 demum
1558 3036 1725 3082 saec.
1770 3039 1832 3101 p.
1877 3017 1988 3082 Ch.
2033 3038 2094 3081 n.
2140 3016 2510 3081 ferebantur
2559 3018 2622 3077 et
2655 3012 2823 3077 inse-

526 3125 744 3206 quenti
790 3124 978 3190 aliter
1018 3109 1534 3211 perhibebantur.
1625 3126 1835 3206 Quum
1881 3127 2051 3191 enim
2080 3125 2304 3192 Jacob.
2348 3124 2570 3190 EdesS.
2618 3121 2823 3207 (VIII.

524 3232 722 3317 saec.)
780 3235 937 3299 velit
992 3235 1353 3301 versionem
1409 3236 1766 3302 confectam
1826 3256 1943 3321 per
1987 3236 2236 3319 Abgari
2289 3233 2542 3317 legatos
2583 3230 2651 3295 in
2699 3230 2824 3294 Pa-

524 3342 863 3409 laestinam
892 3346 1138 3430 11118808,
1184 3345 1472 3413 Jesudad
1499 3348 1806 3412 maiorem
1854 3348 1989 3412 eius
2021 3353 2265 3431 partem
2299 3344 2640 3410 Salomone
2684 3360 2826 3423 reg-

524 3457 721 3517 nante
767 3453 1129 3519 absolutam
1165 3455 1402 3540 scribit,
1449 3456 1567 3520 sub
1613 3455 1878 3539 Abgaro
1921 3456 2266 3537 minorem3
2329 3450 2824 3516 Bar-Hebraeus

527 3581 678 3627 vero
725 3562 985 3628 exhibet
1030 3565 1256 3650 etiam,
1324 3565 1441 3631 sub
1487 3565 1622 3630 Asa
1667 3565 1967 3650 pontifice
2021 3571 2268 3650 partem
2314 3560 2639 3647 Simplicis
2685 3579 2827 3625 6886

527 3671 969 3756 conscriptam.
1078 3673 1305 3757 Itaque
1364 3679 1580 3739 nostro
1649 3673 1797 3759 jure
1873 3675 2108 3740 fabulis
2182 3673 2373 3738 fidem
2438 3671 2829 3753 abrogamus

528 3801 798 3865 omnem,
845 3803 1112 3866 quarum
1138 3783 1216 3849 de
1262 3784 1509 3867 origine
1526 3783 1713 3848 ‚infra
1760 3784 2108 3869 disputatio
2141 3784 2260 3848 erit
2292 3780 2705 3848 instituenda.
2741 3814 2828 3824 —

656 3895 831 3959 Inter
877 3901 1092 3981 patres
1129 3914 1278 3958 vero
1327 3893 1801 3961 ecclesiasticos
1846 3894 2364 3980 antiquissimus,
2411 3892 2519 3976 qui
2586 3889 2827 3956 versio-

664 4184 728 4262 1)
774 4185 860 4247 Of.
926 4185 1176 4244 ibidem:
1243 4185 1435 4244 notice
1499 4183 1932 4262 biographique
2005 4202 2107 4243 sur
2167 4181 2355 4242 Moise
2413 4178 2486 4238 de
2551 4176 2828 4237 Khorene

539 4316 659 4374 pag
702 4295 830 4354 XV.

664 4403 728 4481 2)
775 4403 1141 4480 Scriptorum
1201 4422 1355 4464 nova
1412 4402 1675 4462 collectio
1735 4421 1767 4460 6
1832 4398 2028 4459 Vatic.
2092 4400 2256 4460 codd.
2317 4396 2479 4457 edita
2538 4395 2613 4456 ab
2671 4395 2832 4475 Aug.

523 4514 700 4575 Maio.
790 4514 1009 4574 Romae
1060 4511 1246 4588 1832,
1291 4512 1506 4572 Theod.
1552 4510 1782 4587 Mopsv.
1822 4510 1886 4569 in
1931 4509 2292 4587 Sophoniam
2338 4507 2400 4569 O.
2450 4506 2499 4584 Ι,
2550 4507 2627 4569 6.
