3123 5063
1351 316 1428 376 13

241 480 366 557 viri
394 501 523 548 non
556 478 959 547 mediocriter
991 480 1116 546 hac
1145 481 1218 545 in
1262 481 1597 565 provincia
1641 481 1897 569 versati,
1943 502 2160 549 omnes
2203 481 2291 548 ad
2336 503 2531 550 unum

245 589 785 676 conspiraverunt.
871 591 1006 658 Nec
1044 589 1231 655 aliter
1274 591 1475 656 sensit
1504 590 1927 677 Ephraemus,
1973 591 2081 675 qui
2133 591 2211 659 de
2254 593 2532 679 complu-

249 708 425 774 ribus
444 705 938 796 translatoribus
961 705 1244 793 prodidit
1265 707 1629 775 memoriae.
1676 683 2013 817 (luia-mlx
2042 729 2289 790 02:322
2321 686 2499 820 μισ-ι)
2515 756 2536 779 .

249 826 399 892 Jam
442 825 592 893 inde
637 832 735 893 est
776 823 1217 913 perspicuum,
1285 825 1360 890 V.
1403 826 1476 889 Τ.
1524 825 1884 891 versionem
1928 824 2091 891 nihil
2135 826 2349 893 facere
2394 847 2539 893 cum

250 935 330 1000 N.
392 936 468 1000 Τ.
526 955 719 1018 quam
763 956 899 1001 rem
943 939 1006 999 et
1048 932 1310 999 fabulae
1355 933 1667 1020 Syriacae
1713 935 2088 1001 confirmare
2133 936 2447 1003 videntur.
2472 935 2541 1023 ¹).

252 1042 514 1109 Summa
584 1065 738 1110 vero
805 1043 1104 1109 cautione
1169 1063 1328 1129 opus
1375 1049 1472 1108 est
1515 1043 1582 1108 in
1628 1044 2002 1127 quaestione
2047 1044 2127 1110 de
2172 1045 2540 1112 auctoribus

251 1151 449 1218 variis
498 1152 928 1236 absolvenda3
983 1173 1133 1217 nam
1180 1152 1434 1219 etiamsi
1478 1174 1606 1219 vox
1649 1174 1779 1219 una
1823 1153 2172 1237 eademque
2218 1155 2397 1221 varie
2443 1161 2542 1222 est

248 1281 581 1348 conversa,
605 1262 845 1327 idcirco
878 1262 1232 1347 complures
1263 1261 1605 1348 scriptores
1639 1263 1915 1348 probare
1938 1263 2289 1346 nequimus.
2375 1266 2544 1332 Nam

251 1376 323 1436 ut
353 1377 685 1438 contextus
713 1372 899 1437 LXX
929 1371 1204 1457 interpp.
1247 1371 1485 1437 sensim
1531 1377 1630 1437 est
1661 1377 1940 1437 mutatus
1963 1378 2026 1437 et
2056 1378 2404 1459 corruptus,
2448 1373 2541 1439 ita

253 1502 356 1548 res
403 1482 599 1548 etiam
643 1480 838 1548 multo
869 1482 1079 1565 magis
1124 1481 1192 1547 in
1231 1481 1534 1567 Simplice
1581 1500 1700 1547 usu
1743 1481 1949 1565 venit3
1993 1482 2169 1547 velut
2210 1488 2543 1549 contextus
2589 1490 2596 1502 ‘

252 1589 481 1656 Pesch.
506 1590 713 1673 qualis
726 1591 1089 1676 Ephraemo
1112 1590 1571 1676 suppeditavit,
1595 1591 1859 1657 multum
1874 1589 2071 1656 distat
2094 1592 2177 1656 ab
2195 1612 2291 1678 eo,
2314 1593 2423 1676 qui
2447 1597 2545 1660 est

252 1700 321 1765 in
354 1699 737 1767 editionibus
766 1700 1019 1779 nostris,
1066 1720 1274 1784 neque
1319 1721 1471 1766 vero
1517 1699 1823 1784 exiguum
1869 1720 2012 1765 cum
2043 1700 2228 1766 LXX
2270 1701 2543 1788 interpp.

252 1809 513 1876 exhibet
555 1829 953 1876 consensum.
1068 1811 1202 1877 Nec
1247 1810 1404 1875 latet
1449 1808 1622 1875 circa
1665 1808 2015 1895 Ephraemi
2058 1812 2337 1878 aetatem
2381 1811 2543 1878 Sim-

249 1921 484 2006 plicem
550 1927 613 1986 et
657 1921 841 1986 LXX
908 1921 1180 2006 interpp.
1251 1919 1609 1986 versionem
1677 1919 1842 1985 inter
1887 1940 1957 1986 se
2002 1940 2142 1987 esse
2184 1921 2452 1988 collatas
2473 1921 2546 2009 2).

251 2034 494 2096 Rursus
530 2030 641 2095 ille
686 2029 1102 2095 multifariam
1146 2029 1450 2113 antiquae
1485 2033 1549 2094 et
1574 2029 1895 2114 genuinae
1926 2030 2238 2097 versionis
2266 2030 2546 2117 vestigia

253 2138 535 2223 retinuit,
577 2138 840 2222 quaein
872 2136 1263 2204 editionibus
1310 2137 1687 2221 vulgaribus
1736 2139 2111 2224 corruptelis
2157 2160 2547 2227 magnopere

258 2253 407 2314 sunt
452 2248 835 2314 oblitterata.
939 2246 1166 2313 Pesch.
1210 2267 1361 2313 vero
1407 2248 1644 2314 Nostra
1690 2247 1973 2313 continet
2015 2249 2250 2315 multas
2295 2250 2546 2333 glossas

258 2363 323 2423 et
365 2356 806 2423 additamenta
851 2355 931 2421 de
974 2356 1051 2421 N.
1091 2357 1164 2421 Τ.
1211 2361 1323 2421 aut
1367 2354 1630 2421 aliunde
1675 2354 1968 2421 derivata
1987 2355 2055 2442 3).
2145 2356 2389 2436 Quodsi
2434 2359 2544 2424 Ja-

255 2466 453 2533 cobus
494 2465 864 2533 Edessenus
909 2465 1008 2529 IX
1052 2484 1256 2530 annos
1304 2483 1564 2550 operam
1610 2483 1886 2530 navasse
1931 2463 2156 2531 Pesch.
2205 2465 2547 2533 emendan-

258 2576 382 2642 dae
426 2577 920 2642 Bar·Hebraeus
995 2594 1296 2660 expresse
1342 2580 1566 2640 narrat
1581 2573 1637 2661 4)
1658 2625 1675 2660 ‚
1740 2575 1964 2658 quanti
2007 2581 2342 2644 contextus
2386 2578 2548 2644 Sim-

254 2685 442 2772 plicis
487 2686 574 2752 ad
617 2692 904 2752 nostram
946 2684 1319 2751 memoriam
1364 2682 1675 2749 deductus
1721 2686 1806 2750 sit
1851 2684 2217 2771 facienduS‚
2266 2694 2547 2770 ¹quanta-

259 2816 380 2880 que
442 2796 548 2861 hic
615 2794 953 2878 diligentia
995 2794 1080 2861 sit
1145 2793 1554 2880 adhibenda,
1618 2795 1759 2860 luce
1805 2801 1901 2860 est
1944 2796 2195 2863 clarius.
2240 2834 2326 2847 —-
2412 2799 2548 2865 Nos

140 2943 143 2944 ν
259 2905 517 2990 quidem
582 2911 927 2988 antequam
993 2902 1452 2989 aggrediamur
1499 2903 1581 2969 de
1624 2904 2122 2990 proprietatibus
2168 2907 2548 2990 quibusdam

259 3014 576 3098 rebusque
618 3014 1054 3098 singularibus
1098 3013 1428 3080 Versionis
1470 3015 1746 3082 Nostrae
1795 3013 2143 3101 disserere,
2216 3036 2298 3081 ex
2339 3017 2548 3103 iisque

258 3124 474 3190 facere
518 3123 953 3207 coniecturas,
1003 3121 1283 3188 indolem
1326 3127 1747 3208 naturamque
1792 3122 1930 3190 eius
1976 3144 2440 3209 cognoscamus
2485 3133 2551 3194 et

260 3234 327 3299 in
372 3232 652 3299 medium
695 3232 1092 3319 proferamus
1136 3252 1399 3300 necesse
1443 3238 1557 3299 est.

393 3500 457 3582 1)
504 3502 590 3563 Of.
615 3502 1027 3563 Bar-Hebraei
1056 3502 1240 3563 verba
1284 3521 1465 3579 supra
1490 3503 1756 3563 laudata.
1846 3502 1921 3562 N.
1967 3504 2031 3562 T.
2064 3504 2304 3580 Syriaco
2348 3508 2549 3566 trans-

257 3612 449 3674 latum
520 3614 692 3673 unius
749 3613 1003 3673 hominis
1076 3632 1202 3673 esse
1262 3613 1404 3691 Hug
1463 3610 1527 3690 (1.
1573 3613 1613 3672 1.
1665 3634 1803 3691 pag.
1860 3616 1983 3675 310
2045 3613 2193 3692 seq.)
2249 3618 2551 3692 praeclare

260 3723 722 3797 demonstravit,
800 3724 956 3782 idem
988 3724 1110 3798 ¹vir
1168 3722 1479 3798 epistolam
1537 3724 1614 3782 ad
1671 3723 1974 3784 Hebraeos
2034 3724 2238 3785 datam
2301 3726 2376 3786 ab
2434 3726 2549 3793 alio

261 3840 498 3895 auctore
542 3835 751 3910 postea
793 3833 1117 3893 confectam
1160 3832 1449 3893 refutavit
1492 3832 1774 3910 igeniose.

392 3961 457 4043 2)
501 3965 650 4023 Rem
695 3965 905 4024 docent
948 3966 1060 4024 loci
1088 3964 1407 4040 Ephraemi
1452 3982 1521 4022 ex
1564 3965 1721 4022 LXX
1763 3965 2021 4041 interpp.
2065 3966 2333 4026 versione
2380 3967 2551 4028 citati

263 4052 548 4187 (Lam),
612 4100 973 4157 quamquam
1036 4082 1135 4140 ille
1195 4079 1480 4140 sermonis
1547 4080 1757 4140 Graeci
1831 4081 1996 4140 rudis
2051 4081 2168 4141 fuit
2226 4079 2341 4159 (Of.
2410 4083 2553 4161 Hug

264 4221 306 4282 1.
347 4221 388 4279 1.
438 4218 615 4293 307).

391 4345 457 4425 3)
503 4347 589 4408 Of.
640 4349 859 4408 PerleS.
932 4368 1070 4426 pag.
1119 4349 1349 4407 9—12.
1470 4384 1476 4388 -

396 4476 462 4558 4)
507 4478 822 4541 Assemani
864 4480 935 4542 B.
981 4480 1051 4542 O.
1094 4479 1207 4556 ΠΙ,
1255 4481 1399 4542 336.
