3123 5063
1692 320 1776 391 84

599 492 813 560 studia
854 487 1211 562 Halachica
1253 494 1656 582 traduxerat,
1703 496 1841 563 eius
1884 501 2261 584 praecepta,
2323 516 2487 582 quae
2526 490 2597 563 i‘n
2637 480 2883 563 scholis·

585 603 1127 691 perhibebantur,·
1175 604 1370 672 etiam
1413 625 1495 673 ex
1542 624 1653 671 ore
1695 605 2114 690 interpretum
2171 605 2239 671 in
2286 606 2640 692 synagogis
2690 605 2874 673 audi-

599 717 819 779 rentur
876 719 1016 779 erat
1074 733 1351 781 necesse.
1460 714 1672 798 Atque
1741 713 1909 798 quod
1967 735 2137 781 nova
2194 713 2659 801 interpretandi
2714 715 2883 783 ratio

600 823 867 889 nimiam
909 823 1137 890 habuit
1179 823 1328 911 vim,
1373 843 1566 907 quam
1609 829 1680 889 ut
1720 823 1878 890 satis
1921 823 2146 890 fuisset
2169 824 2542 892 Versionem
2584 826 2887 893 Nostram

601 931 1008 1016 aliquatenus
1051 938 1300 999 tantum
1340 937 1609 1018 mutare,
1654 931 1958 1018 Simplice
2002 932 2187 1016 quasi
2231 931 2646 1000 fundamento
2691 933 2887 1019 iacta,

603 1060 773 1106 nova
813 1041 1234 1108 Pentateuchi
1277 1042 1521 1128 versi0,
1582 1060 1748 1125 quae
1810 1039 2085 1107 nomime
2125 1039 2437 1108 Onkelosi
2490 1040 2888 1128 designatur,
2965 1122 2970 1123 ff

607 1154 705 1215 est
748 1149 1046 1241 absoluta
1066 1149 1136 1237 ¹).

733 1258 939 1324 Huius
981 1258 1294 1326 versionis
1349 1277 1556 1326 sermo
1603 1263 1700 1325 est
1742 1258 2170 1344 Babylonius,
2236 1277 2421 1342 quem
2464 1258 2533 1326 in
2573 1259 2889 1326 Talmude

604 1386 856 1451 quoque
899 1369 1261 1454 Babylonio
1303 1369 1684 1436 invenimus.
1770 1367 1929 1434 Inde
1979 1368 2063 1434 ab
2122 1367 2243 1435 hac
2286 1374 2502 1436 aetate
2546 1389 2628 1436 ex
2672 1371 2889 1456 Baby-

604 1476 921 1544 loniorum
965 1484 1123 1544 nutu
1162 1485 1356 1562 atque
1408 1478 1674 1545 arbitrio
1733 1477 2061 1544 versiones
2104 1477 2460 1545 Bibliorum
2500 1476 2889 1565 pendebant.

608 1586 697 1653 Ut
768 1605 918 1653 vero
992 1586 1445 1653 Peutateuchus
1520 1585 2029 1670 Onkelosianus,
2105 1585 2489 1652 Halaehicae
2570 1586 2890 1673 opinionis

607 1715 817 1761 novae
848 1694 1104 1779 insigne
1150 1695 1496 1783 exemplar,
1540 1694 1908 1780 Simplicem
1938 1695 2237 1760 Nostram
2281 1695 2643 1781 abrogavit,-
2684 1695 2778 1761 ita
2819 1695 2887 1761 in

607 1804 818 1871 locum
882 1804 1197 1871 versionis
1261 1804 1575 1890 Syriacae
1640 1805 2097 1887 Prophetarum
2171 1810 2237 1869 et
2302 1805 2885 1890 Hayioyraphorum

607 1919 1047 1981 successerunt
1115 1913 1490 1998 'Pargumim
1561 1913 2090 2002 paraphrastica,
2189 1933 2356 1997 quae
2427 1920 2611 1980 erant
2680 1906 2890 1981 fidelis

607 2042 818 2088 novae
861 2022 1170 2106 Haqadae
1210 2021 1446 2106 imago.
1531 2022 1743 2106 Atque
1785 2020 1950 2088 haec
1998 2026 2111 2087 aut
2150 2027 2499 2105 sequuntur
2524 2022 2896 2109 Simplicem

607 2129 1166 2217 (quemadmodum
1223 2131 1294 2196 in
1335 2130 1675 2197 Ezechiele
1737 2136 1801 2197 et
1843 2130 2236 2211 Proverbiis)
2252 2128 2305 2216 ²)
2356 2138 2469 2198 aut
2526 2130 2895 2216 Hierosoly-

609 2238 855 2305 mitana
897 2239 1268 2324 Targumim
1324 2239 1803 2325 antiquissima,
1866 2258 2070 2323 eaque
2111 2240 2412 2325 supplent
2428 2238 2518 2327 ³)3
2587 2239 2899 2307 nonnulla

611 2368 764 2415 vero
809 2354 874 2413 et
915 2347 1519 2434 Hagiographorum
1561 2347 1936 2433 Targumim
1994 2354 2146 2413 tam
2179 2354 2323 2415 sero
2368 2355 2516 2414 sunt
2554 2355 2712 2416 nata
2754 2355 2898 2415 tan-

613 2463 839 2542 tasque
895 2457 1175 2523 tulerunt
1234 2456 1618 2525 mutationes
1678 2463 1743 2524 et
1802 2456 2312 2543 emendationes,
2377 2463 2446 2523 ut
2504 2455 2746 2524 fontem
2803 2458 2901 2525 di-

614 2567 845 2633 stincte
868 2566 1096 2633 elicere
1118 2586 1248 2633 non
1269 2567 1673 2654 possimus4).
1714 2568 1881 2635 Nam
1906 2566 2075 2652 quod
2095 2568 2159 2633 in
2178 2566 2480 2652 Simplice
2502 2586 2621 2632 usu
2641 2568 2902 2636 venisse

613 2675 922 2763 vidimus,
997 2676 1068 2741 id
1127 2675 1323 2742 etiam
1394 2675 1927 2763 deprehendimus
1992 2677 2061 2742 in
2119 2675 2492 2761 Targumis:
2585 2675 2900 2757 Quamdiu

614 2786 837 2869 linqua
866 2783 1190 2850 Aramaea
1227 2784 1482 2868 viqebat,
1524 2786 1840 2851 versiones
1882 2784 1990 2850 hoc
2033 2785 2325 2850 idiomate
2368 2803 2695 2865 expressae
2735 2806 2898 2850 nun-

748 2993 812 3070 1)
858 2994 1116 3055 Frankel
1178 2994 1295 3071 (Zu
1366 2993 1502 3053 dem
1559 2993 1820 3072 Targum
1883 2994 1988 3053 der
2050 2993 2383 3070 Propheten
2441 3015 2579 3074 pag.
2623 2997 2659 3056 9
2706 2993 2897 3072 seqq.)

615 3104 1064 3178 demonstravit,
1106 3103 1368 3181 Targum
1392 3102 1670 3163 OnkeIOS.
1712 3101 1884 3162 initio
1923 3120 2072 3162 saec.
2117 3102 2212 3161 111
2255 3122 2292 3163 a
2323 3103 2606 3181 discipulo
2645 3104 2902 3182 quodam

615 3197 775 3272 illius
838 3212 970 3272 Rab
1044 3228 1168 3272 esse
1239 3210 1627 3286 compositum
1644 3255 1660 3285 ,
1742 3226 1930 3287 neque
1994 3211 2197 3270 tamen
2265 3210 2355 3272 ita
2412 3213 2482 3271 ut
2561 3213 2686 3288 ipse
2754 3211 2904 3271 illud

619 3320 1030 3394 conscriberet,
1076 3320 1179 3380 sed
1220 3321 1445 3394 vetera,
1491 3336 1643 3395 quae
1688 3319 2008 3393 exstarent,
2058 3318 2404 3397 Targumim
2446 3321 2768 3398 colligeret.

754 3427 819 3505 2)
863 3429 921 3488 N
924 3427 1161 3489 oeldeke
1206 3428 1378 3488 dicit:
1429 3428 1693 3487 »Ferner
1732 3427 1816 3487 ist
1858 3427 1951 3488 die
1985 3426 2278 3503 Peschita,
2323 3428 2525 3489 soweit
2567 3429 2673 3489 wir
2697 3429 2910 3492 wissen

619 3537 715 3600 nie
755 3557 874 3600 von
914 3536 953 3595 J
955 3537 1112 3598 uden
1169 3535 1492 3615 gebraucht
1543 3567 1612 3578 —
1664 3536 1768 3596 der
1810 3535 2121 3596 Verfasser
2174 3537 2275 3597 des
2318 3513 2626 3615 Targums'
2668 3558 2741 3598 zu
2794 3539 2911 3598 den

620 3647 924 3725 Spriichen
945 3645 1274 3707 unterwarf
1297 3646 1380 3705 sie
1410 3646 1534 3705 erst
1558 3644 1720 3704 einer
1747 3644 2182 3724 Umarbeitung
2210 3645 2294 3704 im
2308 3644 2619 3722 judischen
2645 3646 2793 3707 Sinn
2820 3677 2913 3691 —-

620 3756 897 3818 wahrend
960 3758 1072 3816 etc.
1134 3757 1295 3833 (pag.
1342 3751 1516 3828 262).
1585 3752 1927 3813 Peschittho
1992 3753 2290 3831 Targumo
2348 3753 2669 3816 Proverbb.
2738 3755 2914 3832 quasi

598 3865 1002 3926 *fundamento
1047 3865 1283 3924 subesse
1338 3864 1624 3940 apparet3
1681 3865 1748 3923 at
1804 3862 1914 3922 hoc
1971 3862 2168 3939 ipsum
2224 3863 2425 3938 docet,
2494 3863 2830 3940 Simplicem
2875 3881 2915 3925 a

622 3973 974 4036 Christianis
1016 3972 1350 4034 hominibus
1392 3992 1502 4031 non
1544 3990 1716 4049 posse
1776 3971 2171 4048 conscriptam
2225 3991 2371 4034 esse.
2459 3973 2619 4032 Num
2661 3992 2727 4033 re
2767 3993 2915 4036 vera

620 4084 798 4162 putat
840 4082 898 4141 N
902 4082 1139 4143 oeldeke
1181 4082 1220 4141 J
1223 4082 1440 4143 udaeos
1452 4127 1468 4157 ‚
1527 4081 1630 4158 qui
1670 4081 1791 4141 iam
1835 4082 1910 4142 ab
1960 4081 2375 4159 antiquissimo
2420 4084 2685 4159 tempore
2728 4084 2916 4145 habe-

620 4194 768 4253 bant
810 4191 1169 4269 Targumim,
1214 4192 1317 4267 qui
1358 4190 1481 4252 fere
1524 4191 1635 4251 soli
1674 4191 1941 4269 linguam
1973 4191 2331 4253 Hebraieam
2372 4194 2681 4266 noverant,
2726 4193 2916 4270 (quod

619 4304 749 4379 ipse
790 4299 1078 4375 concedit)
1123 4301 1201 4361 ad
1242 4301 1573 4364 versionem
1618 4299 1951 4379 confugisse
1994 4321 2032 4363 a
2076 4301 2429 4365 Christianis
2473 4300 2696 4363 factam
2710 4306 2740 4364 ⁴?

756 4408 822 4485 3)
869 4408 956 4471 Cf.
1002 4409 1279 4484 Frankel,
1325 4410 1365 4472 1.
1409 4411 1448 4472 1.
1493 4430 1632 4490 pag.
1679 4411 1780 4470 11.

748 4519 814 4598 4)
860 4520 948 4583 of.
992 4521 1169 4597 Zunz,
1213 4521 1771 4584 Gottesdienstliche
1814 4519 2110 4600 Vortrage
2150 4539 2291 4599 pag.
2336 4521 2441 4583 64.
