3123 5063
1087 842 1513 922 ADDENDA
1564 842 1668 920 ET
1722 842 2291 920 GORRIGENDA.

547 1064 686 1134 Pag.
728 1065 755 1117 1
808 1061 908 1117 lin.
944 1064 978 1118 3
1017 1063 1120 1118 inf.
1157 1081 1261 1134 pro
1299 1061 1736 1133 significandum
1774 1062 1885 1132 leg.
1923 1059 2374 1132 significandam.

621 1174 647 1201 »
725 1154 756 1205 7
836 1173 862 1200 ι
938 1152 973 1206 4
1010 1170 1133 1222 sup.
1195 1174 1221 1201 ι
1297 1150 1567 1208 Edesseni
1812 1172 1838 1199 ι
1915 1149 2072 1219 Tyri.

727 1260 753 1289 ³
836 1263 862 1290 ι
907 1240 975 1295 10
1012 1240 1113 1296 inf.
1190 1262 1219 1291 »
1293 1222 1467 1314 &3235
1812 1259 1838 1288 ›
1914 1220 2097 1315 «5313,

621 1349 647 1378 ›
728 1350 754 1377 ιι
798 1322 813 1327 “
834 1350 863 1379 ›
938 1330 973 1384 4
1009 1328 1112 1384 inf.
1189 1351 1215 1378 ι
1292 1322 1702 1385 lienamentum
1807 1348 1833 1375 »
1909 1326 2337 1382 lineamentum.

621 1439 647 1466 »
723 1419 757 1472 9
835 1438 864 1467 »
907 1417 974 1473 12
1012 1418 1113 1472 inf.
1190 1439 1249 1475 ».
1291 1436 1348 1489 p.
1385 1418 1455 1473 54
1482 1417 1526 1488 ι)
1805 1437 1831 1464 »
1905 1433 1963 1485 p.
2002 1416 2069 1469 27
2093 1416 2156 1485 ²).

839 1530 865 1557 »
941 1509 975 1562 9
1012 1507 1113 1562 inf.
1190 1529 1217 1557 ι
1293 1507 1452 1563 nulla
1806 1528 1832 1555 ι
1908 1506 2085 1561 nullo.

621 1617 648 1645 2
695 1597 762 1650 13
838 1617 864 1644 »
907 1595 975 1651 19
1014 1613 1136 1665 sup.
1174 1595 1286 1666 leg.
1320 1596 1600 1651 Jacobum
1636 1594 1996 1652 Edessenum.

578 1718 591 1730 .
622 1706 649 1734 2
693 1686 759 1738 17
839 1706 865 1733 ι
943 1686 975 1739 5
1013 1702 1137 1754 sup.
1173 1701 1277 1755 pro
1315 1683 1487 1741 affere
1762 1683 1876 1755 leg.
1913 1683 2131 1740 afferre.

621 1794 650 1823 ›
690 1774 761 1827 22
838 1794 864 1821 »
941 1774 975 1827 9
1013 1772 1115 1827 inf.
1154 1838 1157 1841 ¹
1192 1794 1218 1821 »
1295 1773 1656 1842 Hyronymus
1805 1794 1831 1821 »
1908 1773 2301 1842 Hieronymus,

622 1884 648 1912 ι
690 1863 760 1917 23
839 1884 866 1912 »
946 1864 979 1918 9
1017 1861 1118 1916 inf.
1199 1883 1226 1911 ι
1301 1862 1609 1931 appelatur
1802 1882 1829 1910 2
1907 1862 2253 1931 appellatur.

624 1973 651 2000 >
691 1951 762 2006 26
839 1972 866 2000 2
911 1951 976 2004 10
1015 1968 1138 2019 sup.
1176 1951 1236 2006 et
1273 1951 1305 2005 5
1342 1949 1445 2005 inf.
1481 1951 1596 2021 leg.
1625 1949 2051 2022 perhibebantur
2090 1952 2150 2005 et
2186 1950 2530 2020 superiorem.

622 2064 649 2092 2
690 2041 761 2096 28
840 2062 867 2089 >
911 2041 978 2094 12
1016 2058 1140 2110 sup.
1174 2057 1279 2111 pro
1315 2041 1609 2096 debebant
1754 2041 1867 2111 leg.
1905 2040 2170 2096 debebat.

622 2153 649 2181 ι
690 2130 762 2186 30
838 2152 865 2180 2
942 2131 976 2185 3
1012 2129 1115 2185 inf.
1191 2152 1217 2179 ι
1295 2132 1580 2186 scotarum
1801 2151 1830 2178 ι
1906 2131 2206 2185 sectarum.

623 2241 650 2269 ι
692 2219 759 2274 31
840 2239 866 2268 ›
944 2220 977 2274 9
1015 2237 1137 2288 sup.
1192 2239 1218 2268 ›
1292 2219 1526 2290 linguae
1567 2219 1816 2275 Graecae
1855 2220 1966 2290 leg.
2004 2219 2206 2290 lingua
2243 2217 2482 2274 Graeca.

838 2329 866 2356 ›
940 2309 974 2363 3
1012 2307 1112 2362 inf.
1148 2311 1278 2378 post
1314 2314 1375 2362 ut
1410 2308 1541 2365 add.
1579 2310 1765 2363 elucet.

626 2420 652 2447 »
694 2398 765 2453 32
841 2417 867 2446 ›
944 2398 979 2452 4
1015 2415 1138 2467 sup.
1176 2399 1286 2469 leg.
1323 2399 1866 2464 transscribebatur,
1907 2397 2030 2453 eius
2065 2396 2364 2467 interpres,
2402 2414 2773 2466 quamquam.

843 2509 869 2538 x·
912 2488 979 2552 15
1016 2487 1118 2543 inf.
1208 2509 1235 2537 ι
1320 2490 1537 2545 ceteros
1574 2506 1677 2560 pro
1714 2489 1953 2545 veteres.

625 2600 651 2627 »
693 2580 762 2634 33
840 2600 867 2628 ι
912 2577 979 2633 13
1017 2596 1139 2648 sup.
1216 2600 1243 2628 ι
1322 2578 1660 2633 domesticas
1697 2594 1801 2648 pro
1838 2576 2194 2633 demesticas.

715 2690 741 2719 ²
844 2691 871 2718 ι
946 2673 980 2726 6
1017 2670 1120 2725 inf.
1157 2672 1217 2725 et
1254 2670 1287 2724 5
1325 2669 1426 2723 inf.
1462 2669 1576 2740 leg.
1612 2669 1770 2722 huius
1806 2671 1868 2724 et
1903 2669 2137 2723 initium.

623 2781 650 2809 2
690 2760 760 2815 36
839 2782 866 2810 x·
946 2761 974 2813 1
1014 2777 1136 2829 sup.
1180 2759 1292 2829 leg.
1329 2756 1628 2814 differrent
1663 2776 1766 2829 pro
1803 2758 2085 2814 different.

624 2868 650 2895 ›
691 2848 760 2902 38
838 2870 864 2897 ι
941 2848 974 2900 2
1010 2847 1114 2902 inf.
1212 2868 1239 2896 ι
1316 2846 1573 2902 instituit
1695 2869 1721 2896 ι
1798 2847 2051 2902 institut.

623 2958 649 2985 »
691 2938 759 2992 57
799 2939 872 2993 ad
907 2938 1027 2993 not.
1067 2937 1126 3007 l).
1198 2937 1417 2994 Libello
1441 2938 1550 2992 hoc
1576 2936 1693 2991 iam
1720 2936 1993 3006 impresso
2017 2937 2371 2992 liberalitate
2398 2937 2457 2992 et
2481 2936 2850 3012 benignitate

1012 3026 1118 3083 vir.
1154 3026 1240 3081 ill.
1267 3026 1513 3082 Weiskii
1551 3025 1804 3081 codicem
1843 3024 2008 3080 illum
2048 3027 2351 3082 Halensem
2388 3019 2665 3096 inspicere
2700 3026 2851 3079 mihi

1013 3115 1282 3187 contigit;
1346 3114 1747 3185 inscriptiones
1800 3115 2152 3170 Psalmorum
2202 3116 2265 3169 in
2318 3131 2385 3171 eo
2440 3116 2652 3170 allatae
2712 3133 2850 3169 cum

1012 3204 1532 3261 Peschitthonianis
1568 3204 1777 3260 nostris
1812 3205 2149 3275 plerumque
2187 3204 2575 3270 consentiunt,
2635 3203 2851 3272 quibus

1016 3296 1306 3350 interdum
1341 3294 1534 3361 tituli,
1594 3295 1695 3363 qui
1747 3294 1807 3349 in
1860 3295 2292 3365 Syro-Hexapl.
2338 3295 2607 3366 leguntur
2655 3294 2851 3349 additi

1013 3386 1161 3439 sunt.
1253 3384 1495 3440 Omnino
1548 3384 1873 3454 discrepant
1914 3401 2159 3454 paucae,
2208 3401 2353 3452 quae
2389 3384 2622 3453 quidem
2656 3400 2848 3438 meam
2883 3419 2890 3422 ἡ

1019 3474 1088 3529 de
1121 3473 1310 3528 titulis
1339 3472 1683 3530 sententiam
1708 3475 2096 3543 comprobant.
2143 3473 2225 3528 De
2250 3472 2340 3528 his
2368 3472 2484 3529 alio
2509 3474 2632 3528 loco
2656 3472 2847 3543 plura.

625 3601 652 3629 ³
692 3580 761 3633 59
809 3578 911 3632 lin.
954 3579 982 3631 1
1020 3597 1142 3648 sup.
1180 3596 1282 3649 pro
1317 3562 1585 3639 ...1Δᾷ
1624 3580 1734 3651 198.
1768 3562 2043 3638 ...ωειλ

625 3707 652 3735 2
691 3686 762 3740 60
840 3707 866 3734 »
911 3686 979 3739 10
1015 3684 1117 3739 inf.
1213 3706 1239 3733 ›
1314 3688 1468 3741 certe
1655 3709 1681 3736 »
1757 3688 1930 3742 certo·

625 3795 651 3822 »
692 3775 758 3828 61
839 3795 865 3822 »
942 3774 976 3828 8
1014 3791 1137 3843 sup.
1222 3795 1248 3822 »
1325 3775 1613 3843 quandam
1656 3797 1682 3824 »
1759 3775 2024 3844 quadam.

627 3884 653 3911 »
694 3864 764 3917 62
839 3885 865 3912 »
911 3862 975 3919 15
1013 3863 1113 3917 inf.
1150 3863 1263 3935 leg.
1299 3864 1607 3920 sacrificiis.

626 3992 651 4018 »
694 3973 764 4027 63
840 3992 866 4019 »
942 3971 977 4025 4
1014 3988 1135 4041 sup.
1196 3992 1222 4020 2
1300 3960 1710 4046 ἷζαωΔζΔὲο
1762 3991 1866 4044 pro
1903 3963 2337 4048 ΙζακὼζΔδο

628 4099 652 4124 »
695 4078 760 4131 71
804 4077 889 4131 Ps.
929 4077 999 4131 23
1037 4094 1140 4147 pro
1175 4077 1346 4132 ἐθνῶν
1383 4080 1444 4134 et
1479 4082 1819 4152 σωφομένων
1856 4082 1967 4152 198.
2010 4078 2186 4133 ἐθνῶν
2225 4077 2284 4131 et
2319 4080 2658 4150 σωζομένων.
