3123 5063
1407 334 1486 393 23

304 501 496 590 guae)
541 508 640 568 est
709 498 984 568 inditum
1004 500 1082 587 ¹),
1150 520 1317 586 quae
1384 506 1553 567 esset
1598 500 1919 568 contraria
1961 500 2270 569 Graecae.
2376 501 2590 587 Atque

276 619 371 703 sut
412 613 594 700 plebs
637 612 929 698 linguam
970 611 1147 678 illam
1190 611 1476 678 habebat
1517 611 1955 697 vernaculam,
2002 631 2268 697 eamque
2297 610 2586 679 Graecae

301 728 629 806 tamquam
691 721 1073 808 peregrinae
1139 726 1203 787 et
1263 720 1577 806 profanae
1641 721 2082 806 praeferebat,
2149 722 2242 787 ita
2309 720 2587 789 Judaeo-
2687 703 2697 716 ’

304 830 652 898 Christiani
685 831 867 897 initio
914 831 1194 914 quadam
1240 849 1382 896 cum
1423 831 1782 915 pertinacia
1827 829 2170 898 dialectum
2204 832 2588 898 Aramaeam

303 941 661 1008 retinebant
679 940 755 1027 2).

431 1050 676 1118 Similis
760 1069 913 1116 vero
984 1048 1275 1115 condicio
1347 1055 1486 1115 erat
1559 1049 1628 1115 in
1697 1048 1958 1135 reliquis
2031 1049 2311 1117 Orientis
2383 1049 2588 1116 terris.

305 1158 560 1226 Graeca
605 1158 862 1242 quidem
906 1157 1129 1241 lingua
1172 1157 1588 1224 multifariam
1633 1164 1772 1224 erat
1815 1159 2108 1244 cognita3
2152 1158 2386 1242 vulgus
2431 1178 2584 1225 vero

304 1267 694 1333 Aramaeam
737 1266 950 1332 ubivis
990 1266 1057 1330 in
1099 1287 1315 1332 amore
1358 1286 1437 1332 ac
1487 1265 1732 1333 deliciis
1773 1265 2076 1332 habebat.
2173 1265 2425 1333 Graeca
2466 1265 2587 1331 lin-

308 1396 440 1460 gua
482 1376 763 1441 maxime
807 1374 1066 1459 vigebat
1107 1375 1177 1440 in
1219 1375 1514 1460 urbibus,
1559 1395 1725 1459 quae
1769 1375 2173 1442 multitudine
2218 1381 2283 1442 et
2325 1375 2585 1461 opulen-

306 1487 401 1552 tia
443 1484 876 1570 excellebant,
918 1485 1026 1550 ubi
1070 1485 1440 1570 plerumque
1484 1485 1717 1552 Graeci
1761 1486 2046 1571 graviter
2088 1491 2275 1551 erant
2317 1484 2590 1551 seiuncti

310 1618 351 1661 a
396 1595 614 1682 SyriS,
662 1614 777 1660 nec
820 1614 963 1660 raro
1028 1596 1465 1662 contentiones
1512 1595 2067 1679 dissensionesque
2111 1595 2276 1662 inter
2320 1614 2390 1661 se
2435 1614 2587 1678 age-

310 1706 484 1771 bant.
591 1704 720 1770 Sed
764 1706 1123 1772 accuratius
1190 1704 1269 1771 de
1315 1704 1710 1790 singularum
1755 1705 2086 1789 regionum
2127 1724 2416 1771 sermone
2461 1703 2589 1771 dis-

304 1834 516 1880 serere
585 1814 793 1880 liceat.
911 1814 989 1879 In
1062 1814 1428 1899 Babylonia
1494 1813 1750 1898 quidem
1817 1820 1881 1880 et
1922 1815 1991 1880 in
2057 1814 2428 1899 regionibus
2500 1812 2588 1879 ad

303 1922 654 2008 Euphratis
729 1923 959 1988 ostium
1004 1923 1176 2008 sitis,
1250 1923 1360 1988 ubi
1404 1922 1556 1989 inde
1603 1924 1687 1988 ab
1733 1923 1961 1990 exsilio
2007 1923 2190 1989 multi
2233 1942 2303 1989 se
2345 1941 2586 2005 suaque

305 2033 774 2100 collocaverant
815 2031 1049 2101 Judaei
1067 2084 1083 2117 ,
1145 2032 1500 2098 Aramaeus
1545 2052 1752 2100 sermo
1797 2034 1839 2101 J
1842 2031 2081 2118 osepho
2125 2032 2274 2099 vivo
2317 2051 2587 2118 praeva-

304 2144 501 2227 lebat,
530 2143 849 2229 paucique
875 2140 1112 2208 Graeci
1146 2142 1386 2227 passim
1431 2148 1665 2208 terram
1710 2142 2101 2225 incolebant3
2148 2141 2587 2210 Seleucienses

308 2252 379 2317 in
420 2251 617 2336 Syros
661 2256 724 2318 et
767 2250 1046 2317 Graecos
1092 2254 1278 2316 erant
1325 2251 1550 2339 divisi,
1607 2272 1747 2317 cum
1789 2251 1919 2318 illis
1964 2250 2292 2319 faciebant
2335 2253 2377 2320 J
2379 2251 2590 2339 udaei,

310 2360 656 2444 eodemque
710 2361 1054 2426 utebantur
1093 2359 1415 2427 idiomate.
1522 2362 1734 2446 Atque
1775 2362 2164 2429 Graecorum
2201 2361 2476 2447 impetus
2519 2369 2591 2429 ut

303 2471 610 2556 vitarent,
678 2469 913 2538 Judaei
954 2490 1024 2537 se
1069 2470 1466 2538 contulerunt
1507 2470 1836 2537 Naardam
1880 2475 1995 2538 aut
2035 2470 2290 2539 Nisibin
2305 2468 2378 2558 ³),
2423 2491 2590 2556 quae

307 2580 458 2647 urbs
502 2579 698 2646 laude
740 2579 1096 2645 litterarum
1122 2579 1189 2643 II
1234 2585 1297 2646 et
1340 2580 1439 2644 III
1485 2598 1653 2646 saec.
1698 2579 2044 2646 Christian.
2087 2600 2216 2645 non
2259 2578 2589 2647 mediocri-

308 2694 403 2754 ter
468 2688 740 2756 florebat
759 2688 852 2775 4)3
923 2687 1211 2754 Edessae
1281 2708 1486 2755 sermo
1529 2690 1836 2774 Syriacus
1880 2687 2273 2756 solummodo
2323 2689 2591 2774 vigebat

311 2836 397 2847 —
426 2798 774 2884 Ephraemi
817 2802 1103 2883 tempore
1147 2798 1458 2865 dialectus
1502 2798 1836 2866 Edessena
1879 2798 2186 2884 optimum
2228 2797 2589 2865 habebatur

310 2907 639 2993 exemplar
681 2931 800 2989 —3
858 2906 1228 2973 Adiabenes
1287 2928 1585 2973 numerus
1647 2907 2037 2975 Judaeorum
2098 2913 2238 2974 erat
2294 2927 2586 2994 magnus,

307 3021 643 3101 postquam
685 3017 894 3082 Izates
947 3035 1061 3081 rex
1106 3016 1191 3081 ad
1236 3015 1628 3083 Judaeorum
1672 3016 2047 3101 religionem
2090 3022 2187 3083 est
2231 3036 2589 3083 conversus.

310 3127 617 3192 Damasci
659 3125 1069 3193 transitiones
1125 3126 1362 3192 fiebant
1403 3126 1759 3212 permultae
1803 3125 1889 3192 ad
1933 3126 2236 3211 Judaeos,
2278 3126 2590 3212 imprimis

307 3237 687 3303 feminarum
704 3234 776 3323 ⁵).
865 3236 1092 3303 Ubivis
1126 3237 1168 3304 J
1170 3235 1360 3302 udaei
1401 3235 1692 3319 linguam
1723 3237 2110 3308 Aramaeam
2153 3256 2336 3302 suam
2367 3235 2590 3303 redde-

308 3347 487 3431 bant,
532 3364 727 3429 seque
772 3344 1344 3411 accommodabant
1386 3344 1569 3429 Syris
1615 3364 1806 3427 quam
1850 3344 2128 3410 maxime
2152 3341 2224 3430 6).

444 3541 506 3616 1)
553 3543 773 3603 Paulus
820 3545 880 3603 et
923 3542 963 3601 J
966 3562 1097 3603 esus
1142 3543 1217 3602 ad
1261 3542 1490 3629 plebem
1515 3542 1825 3604 Aramaice
1870 3541 2200 3603 concionati
2239 3541 2397 3615 sunt,
2442 3558 2590 3616 quae

306 3652 513 3730 lingua
561 3643 939 3731 »Ἑβραϊστία
990 3653 1303 3729 appelatur
1345 3652 1408 3711 in
1451 3652 1527 3712 N.
1576 3653 1641 3713 Τ.
1687 3652 1773 3714 Of.
1821 3650 1997 3712 infra.

443 3759 507 3834 2)
554 3761 746 3821 Testis
805 3763 897 3821 est
938 3761 1326 3841 Evangelium
1370 3760 1808 3823 Nazaraeorum
1868 3762 1928 3820 et
1970 3759 2385 3822 Ebionitarum
2434 3757 2593 3819 »He-

309 3870 546 3931 braice«
597 3872 898 3948 scriptum.
2103 3871 2108 3874 ’
2262 3873 2272 3884 ’

445 3979 509 4054 3)
558 3980 644 4042 Of.
689 3980 930 4058 Joseph.
977 3981 1207 4058 antiqq.
1251 3979 1474 4052 XVIII,
1525 3977 1583 4053 1,
1632 3977 1818 4040 1-9,

441 4087 507 4162 4)
553 4089 749 4149 Nisibi
763 4093 971 4165 postea
986 4109 1217 4167 quoque
1231 4090 1437 4167 lingua
1453 4087 1696 4165 Syriaca
1713 4089 1839 4149 sola
1847 4089 2108 4168 vigebat,
2132 4088 2237 4148 aut
2253 4088 2410 4148 certe
2420 4104 2592 4163 prae-

312 4197 550 4259 valebat
565 4244 580 4272 ,
626 4217 758 4257 cum
785 4198 1151 4275 Ephraemus
1180 4197 1513 4258 Nisibensis
1544 4197 1753 4258 Graeci
1777 4198 2061 4260 sermonis
2084 4198 2241 4257 esset
2263 4194 2598 4273 imperitus„

446 4305 511 4381 5)
557 4306 685 4366 JOS.
728 4307 800 4366 de
844 4307 997 4366 bello
1043 4306 1182 4366 Jud.
1229 4306 1309 4378 II,
1359 4305 1459 4376 20,
1508 4305 1564 4363 2.

450 4413 515 4489 6)
562 4415 930 4489 Antiochiae,
980 4435 1098 4491 qua
1139 4416 1203 4474 in
1245 4415 1391 4475 urbe
1422 4413 1647 4504 Graeca
1688 4414 1895 4493 lingua
1934 4414 1999 4474 in
2043 4431 2405 4475 communem
2423 4430 2595 4473 usum

300 4525 547 4601 abierat,
590 4525 632 4584 J
633 4526 955 4588 udaeorum
995 4543 1137 4604 pars
1181 4523 1544 4589 Aramaeam
1587 4524 1907 4588 retinebat.
