3123 5063
1313 367 1397 432 1¹7

197 544 397 607 meret
423 537 825 606 occasionem
845 536 914 625 1).
997 537 1103 604 Ita
1144 543 1302 604 nata
1348 543 1445 604 est
1486 537 1647 604 fides
1693 536 1892 604 anxia
1933 542 2214 625 notaque
2253 540 2493 609 versio-

190 649 290 716 nis
332 647 625 734 Aquilae,
672 665 871 733 quae,
913 651 1202 732 tempore
1246 646 1407 714 Rab.
1451 646 1710 712 Akibae
1729 696 1747 732 ‚
1789 646 1969 713 LXX
2015 648 2288 737 interpp.
2332 669 2481 718 auc-

199 757 521 825 toritatem
553 757 795 823 deleret
831 776 1175 840 eorumque
1220 774 1466 821 errores
1511 755 1874 840 corrigeret.
1963 757 2187 825 Versio
2234 759 2491 843 quidem

202 867 290 934 ad
355 867 637 933 litteram
679 865 814 932 fere
864 864 1155 930 confecta
1198 864 1462 950 linguae
1508 865 1802 930 Graecae
1845 865 1976 931 vim
2023 867 2345 951 quandam
2389 868 2497 934 de-

202 974 401 1042 bebat
430 975 663 1060 affere3
709 994 837 1057 qua
864 993 1019 1039 vero
1049 978 1233 1039 erant
1263 971 1735 1039 necessitudine
1780 992 2104 1041 sermones
2138 974 2497 1043 Aramaeus

205 1090 267 1150 et
289 1084 645 1170 Hebraeus,
690 1083 1030 1150 translatio
1063 1064 1336 1168 simplex
1363 1088 1427 1149 et
1469 1081 1680 1149 fidelis
1725 1083 1922 1149 multo
1960 1082 2083 1150 fuit
2123 1083 2495 1152 facilior.—

200 1193 449 1260 Rursus
477 1192 723 1260 exstitit
749 1193 820 1258 in
862 1192 1236 1258 Palaestina
1277 1191 1745 1278 interpretandi
1792 1192 1955 1258 ratio
2001 1193 2493 1280 paraphrastica

201 1315 598 1371 mmmmm:
673 1301 818 1386 qui,
887 1300 998 1366 ubi
1041 1300 1462 1367 translatione
1506 1299 1592 1367 ad
1634 1299 1897 1367 verbum
1940 1299 2118 1367 facta
2164 1322 2323 1388 opus
2362 1324 2492 1369 non

203 1416 381 1496 erat,
432 1447 518 1459 -—
569 1410 708 1478 sive
753 1410 927 1497 quod
970 1430 1175 1477 sermo
1220 1409 1580 1476 Hebraicus
1624 1410 1784 1477 satis
1829 1416 1966 1476 erat
2010 1411 2306 1495 cognitus
2349 1412 2490 1478 sive

204 1519 501 1586 homines
571 1519 978 1586 recurrebant
1037 1519 1125 1586 ad
1167 1520 1353 1585 LXX
1393 1519 1649 1605 interpp
1677 1517 1748 1606 2).
1813 1557 1902 1569 -
1945 1518 2031 1586 ad
2074 1539 2260 1586 usum
2302 1540 2494 1606 syna-

209 1649 525 1713 gogarum
586 1648 701 1714 per
762 1628 1192 1715 paraphrasin
1253 1628 1470 1695 Biblia
1536 1627 1965 1713 explicabant.
2088 1627 2275 1708 Quod
2340 1651 2491 1697 vero

207 1737 395 1803 aiunt
460 1737 781 1804 versiones
847 1757 975 1803 non
1041 1738 1136 1803 ita
1203 1736 1289 1803 ad
1330 1737 1612 1803 litteram
1654 1736 1862 1803 factas
1907 1742 1977 1803 ut
2018 1737 2329 1825 Aquilae,
2371 1758 2492 1805 nec

199 1851 333 1912 tam
375 1846 901 1932 paraphrasticas
946 1866 1139 1930 quam
1168 1846 1564 1932 Targumim‚
1607 1851 1865 1932 propter
1907 1866 2049 1912 eam
2090 1847 2300 1933 ipsam
2343 1867 2492 1913 cau-

200 1973 343 2021 sam
387 1975 516 2021 non
559 1976 601 2020 a
644 1953 914 2023 ‚Iudaeis
959 1974 1101 2022 esse
1144 1956 1498 2042 profectas:
1543 1955 1709 2021 haec
1753 1956 2225 2040 argumentatio
2270 1957 2492 2024 absur-

201 2061 465 2130 dissima
507 2062 665 2128 mihi
709 2062 963 2130 videtur
985 2061 1058 2151 ³).
2559 2144 2562 2148 Ι

328 2171 450 2237 ΙΠ.
556 2170 889 2239 Noeldeke
906 2171 959 2259 ⁴)
1029 2171 1287 2256 quidem
1332 2172 1471 2239 sine
1522 2172 1697 2239 iusta
1741 2172 2298 2258 argumentatione
2341 2194 2488 2241 con-

204 2278 504 2367 iectavit‚
559 2281 781 2347 Pesch.
826 2301 1019 2365 quam
1079 2301 1298 2347 omnes
1342 2281 1653 2366 Syrorum
1694 2287 1909 2349 sectae
1952 2281 2021 2348 in
2065 2302 2250 2348 usum
2290 2282 2489 2349 eccle-

201 2387 534 2456 siasticum
578 2395 977 2476 receperunt,
1022 2412 1350 2474 nunquam
1391 2391 1566 2473 apud
1609 2391 1890 2458 Judaeos
1927 2393 2132 2474 fuisse
2171 2393 2490 2459 usitatam.

201 2496 383 2577 Quae
425 2517 578 2565 vero
624 2517 824 2566 causa
869 2498 1075 2566 virum
1121 2499 1554 2567 doctissimum
1600 2498 1686 2565 ad
1730 2498 1921 2567 istam
1965 2499 2331 2587 opinionem
2372 2500 2488 2568 im-

201 2607 455 2693 pulerit,
498 2608 752 2694 penitus
797 2630 928 2676 non
970 2609 1273 2695 intellego
1293 2609 1390 2697 ⁵)..
1475 2611 1648 2678 Nam·
1689 2609 1860 2693 quod
1895 2611 1963 2676 in
2005 2611 2188 2677 libris
2228 2610 2487 2679 Talmu-

208 2712 367 2781 dicis
390 2715 614 2782 Pesch.
658 2736 888 2783 nomen
932 2736 1248 2801 nusquam
1290 2724 1522 2805 exstat,
1567 2717 1729 2783 nihil
1772 2718 2029 2785 omnino
2074 2717 2289 2803 refert,
2333 2718 2488 2803 quia

204 2830 585 2896 vocabulum
650 2828 927 2916 ὶΔᾼμ-ο»
961 2832 1238 2918 primum
1306 2834 1631 2901 invenitur
1700 2831 1877 2920 apud
1946 2833 2488 2902 Bar-Hebraeum.

202 2946 335 3016 Sed
393 2948 697 3032 quoniam
741 2947 811 3013 in
852 2948 1166 3017 Talmude
1210 2969 1402 3016 voces
1449 2963 1646 3018 mann
1665 2948 1717 3036 ⁶)
1770 2949 1910 3016 sive
1965 2964 2277 3039 'jzmantm
2324 2949 2489 3037 („in-

335 3230 400 3308 1)
447 3232 536 3295 Of.
559 3231 791 3311 Geiger,
820 3229 1118 3292 Urschrift
1137 3230 1259 3290 und
1283 3229 1799 3309 Uebersetzungen
1821 3231 1933 3290 etc.
2020 3247 2157 3307 pag.
2176 3228 2295 3289 161
2323 3246 2487 3305 seqq.

333 3338 400 3415 2)
445 3340 647 3402 Etiam
689 3338 720 3398 I
781 3358 930 3400 saec.
975 3338 1191 3400 Christ.
1237 3338 1396 3397 LXX
1439 3339 1697 3417 interpp.
1742 3357 1974 3399 summa
2028 3338 2188 3413 apud
2229 3336 2487 3398 Judaeos

198 3450 520 3530 viguerunt
564 3449 921 3510 auctoritate
963 3448 1155 3525 iisque
1197 3447 1238 3506 J
1240 3425 1510 3525 osephus,
1557 3466 1920 3526 quamquam
1945 3445 2225 3507 Hebraici
2268 3464 2487 3507 sermo-

198 3558 293 3619 nis
338 3577 578 3638 gnaruS,
623 3559 969 3635 plerumque
1010 3574 1154 3617 usus
1198 3558 1307 3617 est.

331 3666 398 3744 3)
443 3668 533 3730 cf.
577 3668 925 3747 Targumim
979 3666 1357 3744 paraphrast.
1414 3666 1474 3725 et
1514 3664 1847 3726 versionem
1889 3663 2145 3741 Aquilae
2189 3682 2322 3723 cum
2364 3664 2486 3725 On-

197 3777 399 3838 keloso
445 3779 506 3837 et
546 3777 708 3837 LXX
752 3778 1010 3854 interpp.
1056 3796 1307 3855 quorum
1335 3774 1490 3835 ratio
1533 3773 1803 3837 vertendi
1832 3792 2113 3851 persaepe
2157 3791 2283 3833 cum
2332 3773 2504 3834 Sim-·

196 3887 348 3965 plice
391 3886 666 3962 concinit,
712 3906 893 3964 quam
932 3886 1079 3949 levis
1126 3885 1436 3961 inanisque
1481 3882 1563 3943 sit
1605 3883 1709 3944 illa
1753 3880 1948 3960 opinio
1991 3901 2321 3962 cognosces,

331 3993 397 4070 4)
441 3995 480 4054 1.
525 3996 570 4056 l.
616 3996 762 4056 262.
2099 4053 2104 4058 .
2156 4075 2165 4085 ·

335 4101 401 4179 5)
441 4105 742 4165 Noeldeke
802 4123 942 4168 vero
1000 4104 1077 4164 ad
1136 4122 1304 4165 suam
1341 4102 1739 4163 coniecturam
1781 4100 2150 4179 probandam
2191 4096 2341 4161 nihil
2381 4104 2488 4163 ad-

199 4214 440 4276 notavit
481 4214 599 4275 nisi
641 4214 818 4274 haec:
869 4214 1129 4273 »Ferner
1170 4213 1254 4273 ist
1296 4211 1390 4272 die
1443 4210 1735 4285 Peschita‚
1781 4225 1851 4271 80
1893 4204 2035 4271 weit
2074 4204 2194 4270 wir
2235 4199 2483 4286 wissara,

199 4324 296 4383 nie
339 4342 458 4386 von
500 4323 541 4382 J
541 4324 700 4384 uden
744 4322 1090 4403 gebraucht.
2318 4399 2322 4404 .
2504 4366 2508 4369 .

337 4429 403 4507 6)
449 4431 536 4494 Of.
582 4432 768 4494 Talm.
816 4432 1050 4493 Hieros.
1141 4430 1410 4492 Sabbath
1457 4448 1505 4492 c.
1554 4429 1633 4490 16
1680 4429 1715 4500 ἓ
1761 4427 1834 4502 1;
1892 4429 1953 4487 et
1996 4427 2173 4489 Babli
2216 4427 2483 4489 Sabbath

203 4541 404 4617 115a3
450 4539 734 4621 Megillah
778 4544 838 4605 3.
882 4561 937 4605 3.

1999 4643 2039 4703 2
