3123 5063
1715 296 1816 365 86

616 460 868 537 ,Iudaeo
886 461 1273 530 -Christiani
1330 481 1373 528 a
1417 462 1459 529 J
1461 460 1685 528 udaeis
1730 481 1859 528 non
1917 459 2181 526 multum
2228 457 2563 546 different,
2629 458 2917 531 forsitan

632 592 736 640 res
779 592 897 639 usu
943 571 1139 658 venit,
1183 591 1389 657 neque
1432 591 1586 639 vero
1629 571 1743 639 diu
1805 570 2081 638 duravit.
2167 569 2354 649 Quod
2397 573 2612 635 autem
2653 568 2932 634 Takriti

636 682 792 751 dicit
836 683 919 750 ab
965 682 1328 769 Ephraemo
1382 680 1845 770 „Hebraicum“
1894 681 1961 747 in
2005 680 2292 747 ecclesiis
2335 680 2716 764 abrogatum
2758 698 2935 764 esse,

638 790 763 859 hoc
807 790 1139 860 confirmat
1175 812 1271 877 ea,
1318 811 1485 875 quae
1513 789 1702 857 modo
1729 789 2153 875 exposuimus.
2235 790 2403 855 Nam
2449 786 2931 876 „Hebraicum“

639 881 912 979 (sestam)
961 917 1088 963 non
1116 896 1342 981 lingua
1370 896 1673 962 Hebraea
1716 893 2154 979 intellegenda
2198 900 2313 980 est,
2360 895 2477 960 sed
2505 893 2778 980 Syriaca
2825 893 2937 960 lit-

637 1003 790 1072 teris
847 1005 1182 1072 Hebraicis
1244 1004 1629 1092 (quadratis)
1688 1011 1972 1069 exarata.
2079 1003 2476 1069 Vocabulum
2538 1000 2930 1090 „Hebraici“
3059 1022 3060 1045 ἢ

639 1111 808 1179 hanc
851 1114 981 1180 vim
1016 1114 1274 1201 habere,
1319 1113 1479 1182 haec
1523 1113 1755 1181 docent
1788 1113 2114 1198 exempla:
2159 1113 2475 1179 Eusebius
2499 1111 2935 1197 evangelium,
3061 1174 3062 1183 ,

639 1242 763 1309 quo
819 1224 1164 1291 Ebionitae
1216 1225 1556 1291 utebantur
1613 1228 1676 1290 et
1718 1222 2037 1290 Nazaraei
2085 1220 2523 1310 „Hebraeum“
2593 1221 2731 1288 sive
2791 1241 2934 1308 „se-

642 1331 917 1398 cundum
979 1332 1351 1401 Hebraeos“
1407 1332 1696 1400 nominat
1711 1332 1781 1420 1).
1868 1330 2055 1412 Quod
2113 1352 2304 1416 quum
2344 1330 2671 1397 Matthaeo
2732 1329 2930 1399 tribu-

641 1445 871 1526 eretur,
914 1441 1110 1527 vulgo
1133 1442 1451 1528 putabant
1475 1479 1564 1491 —
1586 1441 1709 1508 hoc
1754 1441 1948 1507 etiam
1993 1438 2168 1527 apud
2193 1440 2391 1525 Syros
2430 1444 2816 1506 memoratur
2840 1476 2930 1489 -

640 1549 1036 1617 Matthaeum
1093 1551 1413 1618 Hebraico
1480 1570 1771 1618 sermone
1829 1549 2194 1637 scripsisse3
2214 1547 2265 1637 2)
2331 1548 2621 1615 fraudem
2676 1547 2929 1617 demum

639 1658 1074 1746 Hieronymus
1101 1661 1448 1748 perspexit,
1494 1660 1605 1745 qui
1649 1659 1976 1746 exemplar
2004 1658 2328 1743 evangelii
2369 1658 2543 1725 illius
2587 1677 2658 1724 se
2687 1656 2927 1727 vidisse

645 1767 991 1854 gloriatur3
1056 1768 1251 1853 idque
1321 1789 1651 1858 „sermone
1725 1767 1981 1854 quidem
2050 1767 2399 1835 Chaldaico
2469 1774 2532 1834 et
2584 1768 2744 1852 Syro
2801 1765 2916 1834 sed

592 2030 597 2035 ⁴
646 2054 780 2130 ipsa
841 2055 1041 2114 textus
1100 2053 1404 2132 originalis
1462 2054 1720 2127 veritate
1764 2053 2176 2131 perciperent«
2190 2098 2203 2114 .
2306 2053 2422 2114 Sed
2477 2053 2582 2114 ubi
2632 2055 2929 2114 terrarum

639 2160 1002 2223 levissimum
1049 2161 1364 2221 »desiderii
1413 2161 1573 2222 illius
1618 2162 2109 2241 flagrantissimi«
2157 2162 2475 2241 vestigium
2531 2163 2735 2223 extat?
2798 2162 2931 2222 Ple-

645 2269 813 2346 rique
869 2269 1105 2345 quidem
1157 2272 1359 2345 patres
1417 2268 1796 2329 ecclesiastici
1837 2302 1926 2313 —
1969 2272 2211 2346 excepto
2255 2270 2655 2348 Hieronymoe,
2720 2270 2825 2347 qui
2896 2289 2933 2330 a

640 2376 887 2437 Judaeis
967 2377 1252 2437 sermonis
1321 2376 1600 2437 Hebraici
1687 2377 2082 2455 cognitionem
2158 2380 2462 2454 acceperat
2515 2411 2585 2422 —
2631 2378 2696 2437 in
2775 2397 2934 2438 com-

643 2485 950 2547 mentariis
995 2485 1137 2561 suis,
1183 2486 1339 2563 quod
1381 2485 1620 2565 linguae
1661 2503 1861 2547 sacrae
1906 2488 2077 2547 erant
2117 2485 2399 2564 imperiti,
2440 2486 2811 2550 versionibus
2872 2488 2931 2549 in

644 2593 916 2655 ecclesiae
987 2613 1161 2655 usum
1232 2594 1482 2670 receptis
1561 2594 1840 2671 (maxime
1900 2594 2059 2653 LXX
2117 2591 2402 2672 interpp.)
2466 2614 2527 2656 se
2600 2595 2936 2674 applicave-

644 2705 805 2764 runt.
853 2736 934 2745 —
980 2702 1181 2779 Atque
1211 2702 1588 2763 Wichelhaus
1632 2703 1709 2763 ad
1754 2703 2088 2780 opinionem
2132 2722 2302 2764 suam
2344 2705 2711 2783 probandam
2744 2704 2937 2783 Aqui-

642 2811 765 2871 lam
806 2810 1138 2872 nominavit
1181 2810 1282 2887 qui
1330 2809 1740 2871 »Christianus
1797 2810 2055 2886 primum
2095 2810 2275 2872 fuisse
2319 2812 2571 2872 dicitur«
2593 2858 2608 2888 ,
2654 2815 2715 2873 et
2765 2832 2938 2876 »ver-

643 2919 824 2979 sionis
859 2922 1058 2980 sextae
1097 2921 1458 2994 auctorem«,
1497 2918 1599 2996 qui
1648 2919 1739 2978 »si
1786 2938 1998 2998 genere
2035 2919 2217 2980 fuerit
2243 2919 2284 2979 J
2285 2921 2525 2995 udaeus‚
2577 2921 2940 2982 confessione

636 3029 843 3087 tamen
887 3030 1016 3088 erat
1038 3027 1471 3088 Christianus«.
1560 3026 1773 3086 Virum
1796 3030 1994 3087 autem
2017 3027 2173 3107 fugit
2194 3030 2618 3103 doctissimum,
2657 3028 2940 3107 Aquilam

644 3154 717 3196 ex
765 3155 880 3212 quo
913 3136 989 3196 ad
1017 3136 1382 3196 Judaeorum
1403 3135 1747 3214 religionem
1783 3138 1875 3196 est
1902 3155 2233 3212 conversus,
2282 3138 2642 3199 Hebraicum
2667 3140 2944 3201 didicisse

642 3264 990 3322 sermonem,
1036 3245 1199 3305 euius
1242 3245 1521 3306 notitiam
1574 3278 1643 3288 —
1696 3245 1854 3323 quod
1898 3247 2090 3307 obiter
2135 3248 2290 3308 addo
2346 3280 2414 3292 --
2462 3268 2580 3309 non
2626 3250 2828 3329 magni
2853 3249 2944 3310 fe-

644 3354 820 3417 cerim
868 3354 967 3432 (cf.
1003 3355 1291 3415 Frankel:
1337 3355 1421 3414 Zu
1464 3356 1598 3415 dem
1624 3355 1883 3434 Targum
1913 3356 2016 3415 der
2047 3356 2384 3434 Propheten
2405 3376 2544 3436 pag.
2592 3358 2687 3432 5);
2732 3360 2945 3420 auctor

648 3465 885 3540 quidem
933 3466 1210 3524 »sextae«
1260 3463 1442 3525 etiam
1487 3466 1626 3525 ortu
1667 3464 1785 3524 fuit
1807 3464 1848 3522 J
1849 3466 2088 3539 udaeuS,
2130 3483 2236 3525 nec
2279 3467 2372 3525 est
2413 3465 2568 3526 mira
2609 3466 2673 3524 in
2715 3485 2783 3527 eo
2825 3465 2947 3527 lin-

646 3590 797 3651 guae
841 3590 1043 3633 saerae
1097 3571 1376 3649 cognitio.
1461 3571 1839 3634 Wichelhaus
1884 3573 2121 3650 quidem
2164 3574 2323 3634 solus
2384 3574 2538 3634 hanc
2581 3574 2945 3634 sententiam

647 3681 896 3754 statuit3
941 3698 1141 3741 omnes
1170 3679 1288 3742 viri
1330 3680 1484 3742 docti
1532 3699 1665 3741 cum
1700 3701 1767 3742 eo
1813 3681 2167 3759 discrepant.
2257 3683 2372 3759 (cf.
2397 3683 2595 3744 Dathe
2620 3683 2726 3744 1.1.
2744 3683 2948 3743 XXIV

649 3808 769 3866 seq.
812 3790 955 3868 Hug
983 3789 1144 3866 314,
1189 3789 1487 3850 Noeldeke
1534 3792 1658 3852 262
1705 3788 1897 3866 alios).

785 3917 848 3993 1)
880 3913 1047 3993 '‘Hd‘n
1104 3914 1178 3977 δέ
1229 3915 1292 3977 ἓν
1333 3913 1568 3991 τούτοις
1628 3922 1776 3991 τινές
1817 3924 1919 3978 καῖ
1975 3916 2082 3979 τὸν
2133 3914 2284 3981 καθ’
2317 3912 2648 4001 Ἐβραίους
2686 3915 2947 4000 εὗαγγέ-

652 4030 784 4089 λιον
841 4015 1154 4099 κατὲλὲξαν
1220 4019 1275 4108 οἱ
1337 4026 1601 4105 μάλιστα
1648 4021 1962 4108 ςΕβροιΐων
2017 4027 2078 4088 οἱ
2138 4025 2402 4109 Χριστὸν
2458 4025 2953 4112 παραδεξάμενοι

642 4141 942 4218 χαίρουσι.
1029 4136 1245 4197 Euseb.
1289 4136 1450 4197 Hist.
1496 4137 1651 4198 Eccl.
1699 4138 1812 4212 III,
1861 4139 1962 4212 25,
2007 4137 2080 4198 cf.
2124 4139 2268 4213 ibid,
2321 4139 2400 4202 27
2449 4141 2510 4200 et
2551 4140 2657 4215 IV,
2697 4142 2811 4206 22.

769 4266 839 4343 2)
891 4266 1043 4352 Περὶ
1087 4264 1157 4332 δὲ
1201 4267 1303 4327 τοῦ
1349 4266 1695 4331 Ματθαίου
1739 4265 1928 4330 ταῦτα
1972 4267 2199 4347 εἴρηται
2241 4267 2543 4344 (Παπία)ε
2603 4268 2955 4345 Ματθαῒος

647 4379 760 4458 μὲν
814 4371 917 4438 οὖν
974 4373 1215 4457 ἕβραΐδι
1282 4371 1569 4455 διαλέκτῳ
1633 4369 1702 4442 τὰ
1769 4371 1951 4452 λόγια
2017 4370 2449 4457 συνεγράψατο,
2514 4378 2641 4438 κτλ.
2729 4380 2953 4443 Euseb-

642 4487 810 4550 Hist.
857 4487 993 4547 eccl.
1037 4486 1149 4563 111,
1197 4488 1317 4562 3913
1360 4486 1436 4550 cf.
1486 4486 1843 4565 Hierony-mi
1888 4506 2024 4565 opp.
2069 4488 2181 4563 ΙΙΙ,
2227 4488 2310 4549 84
2326 4506 2380 4561 a,
2428 4487 2508 4549 98
2554 4505 2603 4554 u.
