3123 5063
1413 315 1508 384 ³5

188 469 195 474 ¹
324 484 577 575 talium,
643 504 847 574 aeque·
905 506 984 553 ac
1025 486 1209 552 LXX
1264 486 1533 571 interpp.
1573 485 1783 551 versio
1827 483 2003 570 ,apud
2046 483 2435 570 Aegyptios,
2495 490 2592 551 est

330 599 726 685 conscripta,
782 598 839 664 si
896 617 1023 664 non
1086 594 1311 662 eodem
1367 600 1651 682 tempore
1713 605 1929 663 tamen
1994 615 2125 662 non
2189 593 2387 660 multo
2445 599 2607 681 post.

333 711 469 777 Nec
525 708 668 776 leve
752 706 1089 774 discrimen
1146 705 1480 771 intercedit
1535 705 1700 771 inter
1759 703 1879 771 has
1946 704 2297 771 versiones:
2400 704 2611 782 Quum

328 819 518 886 LXX
574 819 846 903 interpp.
912 815 1119 882 versio
1184 814 1363 880 brevi
1425 820 1573 901 post
1631 820 1835 881 ortum
1879 815 2189 880 canonica
2231 814 2610 880 auctoritate

328 927 602 1012 floreret,
639 932 702 993 et
740 925 1066 1010 exemplar
1092 924 1300 1010 ipsum
1331 924 1692 1010 abrogaret,
1743 924 1969 991 Pesch.
1996 924 2065 990 in
2094 944 2202 991 ore
2248 939 2605 992 mmmmm

329 1036 630 1122 vigebat,
696 1034 1146 1127 ferebaturque
1190 1040 1260 1099 ut
1314 1033 1651 1101 translatio
1694 1040 1989 1101 contextu
2044 1054 2227 1101 sacro
2271 1034 2467 1101 multo
2511 1034 2610 1100 in-

329 1146 544 1213 ferior.
635 1144 814 1224 Quae
841 1164 1033 1228 quum
1055 1143 1148 1208 ita
1179 1148 1413 1228 essent,
1458 1143 1748 1230 Simplex
1790 1163 2080 1210 sermone
2124 1150 2188 1209 et
2235 1150 2610 1228 argumento

330 1252 725 1339 temporibus
769 1272 841 1319 se
900 1250 1358 1319 accomodavit.
1459 1253 1671 1337 Atque
1725 1252 1947 1319 Pesch.
1989 1253 2456 1321 Pentateuchus
2515 1254 2610 1333 in·

334 1382 814 1448 synagogarum
857 1383 1043 1429 vusum
1089 1368 1187 1429 est
1228 1367 1570 1447 usurpatus
1615 1382 1813 1447 usque
1858 1361 1944 1428 ad
1985 1363 2055 1429 id
2095 1363 2429 1450 temporis,
2485 1384 2609 1448 quo

329 1474 616 1558 Targum
648 1471 1153 1539 Onkelosianum
1179 1469 1372 1558 (saec.
1415 1469 1543 1557 ΠΙ)
1590 1471 1851 1537 exstitit.
1937 1471 2310 1538 Versionem
2354 1471 2611 1556 quidem

327 1583 631 1650 Nostram
696 1602 737 1647 a
781 1581 967 1666 Syris
1013 1581 1400 1648 Christianis
1454 1586 1780 1668 receptam
1832 1581 2017 1648 initio
2077 1580 2332 1666 quidem
2397 1582 2519 1649 soli
2560 1583 2611 1648 ii

335 1690 442 1774 qui
486 1709 723 1775 genere
769 1694 952 1755 erant
993 1691 1035 1756 J
1038 1688 1229 1756 udaei
1270 1689 1666 1775 tractabant,
1709 1689 2058 1775 Ephraemi
2103 1689 2355 1757 demum
2389 1694 2610 1757 aetate

332 1797 476 1884 (aut
516 1798 735 1885 paullo
780 1795 956 1883 ante)
1003 1795 1188 1864 sedes
1248 1797 1678 1883 amplissimas
1722 1796 2009 1883 Simplex
2077 1799 2413 1885 occupavit
2454 1799 2610 1865 mul-

327 1913 557 1992 tasque
602 1913 865 1994 experta
907 1912 1004 1974 est
1049 1907 1551 1973 Christianorum
1595 1907 1996 1992 mutationes,
2040 1926 2205 1991 quae
2249 1928 2417 1975 nunc
2461 1930 2613 1994 quo·

334 2036 460 2100 que
502 2014 569 2081 in
614 2015 1001 2082 editionibus
1057 2015 1291 2082 nostris
1335 2019 1608 2081 exstant.
1696 2014 2085 2081 Discrimina
2128 2017 2385 2103 gravia,
2443 2038 2611 2102 quae

332 2125 502 2191 inter
529 2125 816 2208 singulos
837 2122 1162 2190 Versionis
1204 2122 1401 2189 libros
1432 2121 1851 2209 intercedunt,
1896 2144 1937 2189 a
1980 2125 2176 2191 variis
2221 2127 2609 2213 temporibus

341 2233 871 2319 opinionibusque
929 2228 1260 2298 auctorum
1316 2229 1628 2316 pendent;
1699 2230 1779 2296 de
1840 2237 2011 2299 certo
2055 2233 2251 2318 igitur
2293 2243 2610 2304 momento

337 2341 657 2428 Simplicis
724 2342 1057 2408 absolutae
1123 2361 1253 2406 non
1295 2340 1503 2424 magis
1546 2360 1753 2408 sermo
1799 2361 1939 2408 esse
1982 2348 2223 2429 potest,
2293 2364 2486 2428 quam
2528 2345 2610 2412 de

332 2451 518 2518 LXX
545 2451 817 2539 interpp.
859 2450 1184 2535 versione3
1228 2449 1656 2516 Nihilosecius
1698 2470 1827 2516 non
1872 2449 2211 2518 admodum
2254 2473 2295 2518 a
2339 2454 2609 2520 veritate

331 2564 634 2629 aberrare
700 2561 884 2628 nobis
947 2560 1238 2628 videmur
1294 2559 1351 2626 si
1409 2557 1758 2646 primordia
1800 2559 2022 2627 Pesch.
2071 2561 2503 2647 (Pentateuch.
2548 2571 2612 2631 et

332 2672 601 2754 Psalmi)
661 2691 828 2738 saec.
873 2671 942 2735 II
1007 2675 1279 2736 exeunte
1333 2670 1469 2736 sive
1512 2670 1546 2734 Ι
1588 2670 1848 2736 ineunte
1885 2676 2060 2748 ,ante
2116 2670 2231 2738 Ch.
2290 2694 2349 2739 n.
2411 2673 2609 2741 fuisse

333 2779 656 2865 volumus,
699 2779 891 2845 finem
933 2779 1109 2864 operi
1155 2798 1295 2844 esse
1331 2778 1697 2864 impositum
1740 2778 1774 2842 I
1818 2798 1986 2844 saec.
2029 2800 2089 2865 p.
2136 2779 2251 2846 ch.
2296 2802 2357 2847 n.
2397 2791 2400 2792 ’

461 2887 671 2971 Atque
733 2907 925 2971 quum
989 2892 1273 2954 nostram
1331 2885 1410 2952 de
1454 2886 1774 2972 Simplicis
1817 2891 2030 2951 aetate
2073 2891 2137 2953 et
2178 2895 2433 2956 auctore
2478 2911 2610 2956 am-

332 2995 627 3083 plecteris
656 3002 1032 3084 sententam,
1077 2998 1200 3083 cui,
1244 3002 1551 3081 quantum
1595 2997 1849 3082 scimus,
1894 2995 2053 3061 nihil
2097 3005 2433 3086 repugnat,
2478 3021 2605 3067 om·

335 3126 451 3173 nes
514 3127 679 3192 quae
724 3107 1012 3191 alioquin
1055 3106 1493 3190 relinquuntur
1539 3105 1950 3172 difficultates
1996 3107 2463 3176 submoventur.
2549 3111 2610 3176 A

335 3214 700 3281 Christiano
759 3235 910 3282 vero
954 3215 1093 3281 sive
1134 3214 1345 3300 potius
1392 3217 1432 3278 a'
1478 3214 1888 3300 conpluribus
1931 3213 2311 3283 Christianis
2356 3217 2613 3305 Simpli-

335 3344 473 3389 cem
509 3324 865 3392 confectam
907 3324 1081 3390 nullo
1127 3321 1316 3389 modo
1359 3322 1633 3406 probare
1680 3342 2039 3408 possumusz,
2085 3346 2235 3390 nam
2274 3326 2613 3412 fingendus

336 3440 506 3501 esset
573 3454 870 3500 numerus
937 3433 1448 3500 Christianorum
1506 3433 1858 3515 aequalium
1925 3433 2287 3500 Hebraicae
2350 3437 2614 3522 linguae

336 3564 540 3628 aeque
587 3543 961 3629 peritorum3
1025 3543 1133 3627 qui
1176 3540 1372 3608 iidem
1414 3542 1662 3608 variam
1703 3542 1995 3607 vertendi
2039 3543 2352 3611 rationem
2393 3565 2614 3630 seque-

333 3652 585 3718 bantur.
672 3652 758 3718 At
801 3673 910 3719 cur
953 3653 1050 3717 illi
1095 3672 1224 3718 non
1269 3651 1629 3717 versionem
1672 3651 1859 3715 LXX
1904 3650 2173 3737 interpp.
2218 3654 2303 3719 ab
2342 3655 2612 3742 Aposto-

334 3757 417 3824 lis
481 3760 815 3826 laudatam
881 3759 1109 3827 ducem
1173 3761 1559 3845 elegerunt?
1627 3780 1736 3825 cur
1811 3781 1999 3846 porro
2068 3763 2484 3831 Hebraismos
2550 3773 2614 3833 et

336 3867 783 3935 Chaldaismos
856 3869 1282 3958 admiserunt,
1363 3870 1754 3936 Halachicas
1837 3872 2297 3957 explicationes
2358 3875 2615 3959 aliaque

336 3995 501 4060 quae
545 3997 588 4042 a
631 3976 901 4045 Judaeis
946 3979 1100 4046 solis
1157 3984 1455 4065 poterant
1516 3980 1838 4064 intellegi,
1899 3987 2032 4045 tam
2092 3980 2434 4066 diligenter
2477 3984 2617 4051 red-

337 4086 634 4152 diderunt
653 4087 685 4152 5?
730 4088 901 4154 Num
943 4088 1272 4171 probabile
1295 4095 1409 4175 est,
1456 4110 1496 4155 a
1521 4089 1902 4156 Christianis
1946 4090 2217 4176 primum
2260 4092 2335 4157 V.
2357 4093 2429 4159 T.
2474 4113 2614 4161 esse

337 4215 739 4281 conversum,
786 4194 1016 4262 deinde
1060 4197 1344 4282 Novum,
1405 4198 1705 4281 locosque
1764 4198 1839 4263 V.
1883 4199 1957 4263 Τ.
2011 4198 2079 4263 in
2123 4199 2390 4285 Syriaco
2434 4202 2615 4269 Novo

336 4303 633 4371 laudatos
691 4326 921 4391 parum
964 4326 1104 4373 esse
1149 4306 1546 4391 adaequatos
1590 4306 1878 4392 Simplici
1924 4308 1998 4373 V.
2042 4310 2149 4394 Τ.,
2226 4309 2282 4375 si
2326 4311 2411 4375 ab
2455 4310 2614 4396 ipsis

335 4419 477 4481 erat
521 4415 928 4501 conscripta?
1033 4418 1198 4482 Tum
1242 4417 1353 4501 qui
1396 4417 1637 4483 factum
1682 4423 1805 4501 est,
1872 4423 1941 4482 ut
1983 4416 2219 4484 Judaei
2262 4420 2617 4486 versionem

333 4524 672 4611 Syriacam
714 4524 1256 4612 Paralipomenon
1316 4533 1382 4594 et
1422 4526 1913 4594 Proverbiorum
1957 4526 2294 4614 haberent,
2351 4527 2618 4615 reliquo-
