3123 5063
1683 326 1770 390 38

595 488 838 559 Psalmi
884 499 946 561 et
986 495 1477 563 Pentateuchus.
1569 498 1855 576 Quocum
1909 496 2189 565 concinit
2242 496 2426 580 quod·
2454 496 2903 585 EphraemuS,

599 621 790 685 quum
831 606 1171 670 versionem
1214 607 1607 686 Hebraicam,
1662 607 1705 672 i.
1749 627 1803 673 e.
1847 607 2073 674 litteris
2117 607 2446 691 quadratis
2491 627 2906 701 expressam,

600 714 990 798 removisset,
1036 714 1341 800 Syriacas
1386 715 1615 783 dicitur
1656 716 2111 784 introduxisse.-

729 821 916 888 Aliae
954 844 1204 909 quoque
1248 825 1528 893 rationes
1574 826 1957 892 sententiam
2003 831 2287 893 nostram
2328 824 2682 892 defendunt
2724 826 2905 894 mul-

602 934 827 1013 tasque
870 932 1100 997 tollunt
1145 932 1594 1019 difficultates3
1658 955 1809 1000 nam
1854 934 1960 1001 fac
2003 934 2219 1020 fuisse,
2263 939 2334 999 ut
2376 933 2571 1019 vulgo
2614 934 2907 1002 credunt

604 1038 728 1103 viri
771 1037 963 1118 docti,
1022 1040 1384 1127 Simplicem
1429 1043 1647 1128 paullo
1691 1050 1838 1128 post
1882 1048 2105 1109 natam
2149 1042 2579 1110 Christianam
2624 1043 2905 1128 religio-

603 1168 749 1213 nem
820 1149 1152 1234 vulgatam
1223 1151 1399 1238 apud
1442 1152 1874 1238 Christianos,
1947 1158 2162 1219 tamen
2234 1152 2572 1238 permirum
2634 1152 2905 1220 videtur

607 1278 767 1346 esse,
813 1259 984 1344 quod
1013 1267 1230 1346 patres
1274 1262 1715 1347 ecclesiastici,
1761 1282 2026 1346 quorum
2069 1262 2253 1327 multi
2297 1262 2589 1328 sciebant
2618 1262 2901 1347 Syriace

606 1373 720 1430 aut
765 1365 1088 1449 quandam
1133 1387 1275 1433 cum
1319 1368 1509 1452 Syris
1561 1366 1888 1435 habebant
1932 1366 2474 1452 consuetudinem,
2516 1387 2780 1452 perraro
2829 1375 2898 1434 et

605 1473 976 1557 singulatim
1000 1475 1225 1543 Pesch.
1244 1475 1489 1542 faciunt
1517 1476 1902 1542 mentionem
1921 1474 1991 1561 ¹).
2076 1476 2274 1543 Porro
2321 1496 2602 1560 quanam
2637 1476 2896 1544 ratione

606 1587 704 1647 est
746 1582 1247 1669 expediendum,
1316 1584 1486 1668 quod
1529 1586 1820 1652 nonnulli
1865 1585 2204 1671 scriptores
2249 1583 2329 1650 de
2373 1585 2667 1651 versione
2711 1586 2893 1671 Syri-

606 1711 729 1756 aca
772 1691 998 1777 locuti,
1064 1697 1309 1758 tantum
1353 1693 1643 1777 singulos
1684 1694 1820 1760 eius
1864 1694 2062 1760 libros
2106 1698 2454 1779 noverunt,
2521 1692 2695 1759 velut
2735 1695 2884 1760 Hie-

611 1818 916 1883 ronymus
960 1800 1286 1885 Psalmos,
1355 1801 1634 1868 Genesin
1677 1801 2124 1887 Augustinus?
2188 1800 2403 1867 Causa
2447 1806 2657 1866 autem
2691 1800 2758 1865 in
2799 1819 2875 1867 eo

611 1905 917 1992 consistit,
962 1906 1132 1990 quod
1173 1908 1241 1973 in
1284 1908 1506 1994 primis
1544 1909 1775 1994 Syriae
1820 1908 2055 1975 scholis
2102 1908 2336 1994 Biblia,
2383 1914 2696 1992 quatenus
2733 1927 2886 1974 usus

611 2016 1082 2083 ecclesiasticus
1126 2018 1527 2103 postulabat,
1591 2018 1973 2103 pertractari
2038 2019 2360 2084 solebant:
2462 2016 2540 2082 In
2606 2016 2888 2083 ecclesiis

612 2125 782 2192 enim
822 2127 1031 2193 locum
1075 2128 1448 2213 primarium
1494 2128 1872 2194 obtinebant
1894 2127 2155 2213 Psalmi,
2202 2146 2439 2211 eosque
2484 2126 2895 2212 excipiebant

608 2235 953 2302 historicae
975 2235 1025 2322 2)
1075 2236 1496 2303 Pentateuchi
1525 2242 1744 2322 partes
1788 2273 1874 2283 —
1917 2257 2087 2321 nam,
2133 2256 2299 2319 quae
2342 2235 2519 2318 leges
2549 2234 2899 2322 continent,

609 2366 740 2411 non
792 2346 1053 2411 multum
1100 2346 1406 2412 valebant
1448 2345 1533 2410 ad
1582 2345 2088 2439 Christianorum
2130 2345 2304 2411 vitae
2347 2364 2532 2411 usum
2575 2380 2664 2391 —
2707 2363 2902 2428 quem

613 2475 851 2521 morem
926 2454 1122 2519 etiam
1192 2462 1418 2541 postea
1477 2456 1519 2522 J
1521 2455 1812 2530 acobitae
1883 2460 1947 2521 et
2008 2453 2375 2520 Nestoriani
2396 2451 2451 2541 ⁸)
2515 2452 2904 2520 retinebant.

612 2565 714 2630 Ita
781 2565 1037 2649 quidem
1094 2566 1366 2651 Psalmi,
1436 2563 1880 2648 quaedamque
1941 2563 2308 2648 Scripturae
2366 2562 2606 2629 Sacrae
2679 2568 2906 2647 partes

611 2673 852 2760 passim
920 2674 1330 2760 divulgatae,
1396 2673 1483 2739 ad
1523 2679 1744 2759 patres
1788 2692 2038 2757 quoque
2084 2670 2549 2738 ecclesiasticos
2594 2689 2907 2757 pervene-

613 2790 779 2849 runt.
882 2760 1129 2850 Idcirco
1191 2804 1319 2849 non
1364 2803 1639 2849 errorem
1686 2784 2075 2849 committere
2119 2781 2307 2847 nobis
2351 2778 2661 2865 videmur,
2706 2800 2910 2864 quum

612 2891 894 2957 Takritii
936 2892 1273 2957 verborum
1316 2890 1566 2957 ratione
1628 2889 1856 2956 habita
1870 2940 1887 2975 ,
1956 2889 2325 2975 Simplicem
2367 2925 2456 2937 -
2498 2907 2665 2973 quae
2708 2893 2911 2955 antea

747 3118 808 3195 1)
853 3120 996 3180 Ideo
1040 3122 1198 3181 recte
1240 3117 1615 3180 ratiocinaris
1660 3110 1756 3177 τὸν
1797 3108 2013 3195 Σύρον,
2060 3130 2234 3189 quem
2276 3111 2508 3183 vocant,
2552 3108 2700 3169 nihil
2743 3108 2910 3171 aliud

613 3247 739 3289 esse
782 3228 897 3287 nisi
939 3229 1179 3289 brevem
1223 3228 1633 3304 excerptorum
1675 3222 2088 3294 collectionem
2133 3238 2324 3297 neque
2367 3237 2507 3280 vero
2548 3219 2749 3294 potest
2791 3216 2912 3277 dici

614 3335 713 3395 τοῦ
733 3333 926 3415 Σύρου
971 3337 1205 3398 nomine
1249 3335 1601 3413 Hieronymi
1647 3332 1968 3413 significari
2009 3329 2360 3402 versionem,
2405 3327 2684 3404 quoniam
2730 3318 2763 3384 ὅ
2786 3320 2913 3385 Σά-

616 3466 719 3522 ρος
762 3465 882 3505 11011
940 3447 1016 3506 ad
1079 3465 1280 3506 omnes
1327 3445 1386 3506 S.
1433 3445 1495 3506 S.
1554 3444 1740 3505 libros
1798 3442 2110 3513 laudatur,
2174 3436 2526 3514 Hieronymi
2583 3436 2775 3499 versio
2839 3455 2917 3497 ex

615 3555 966 3634 fragmentis
1034 3557 1163 3615 tum
1225 3554 1564 3616 constitisse
1624 3556 1715 3614 est
1785 3552 2055 3630 putanda
2070 3593 2085 3623 ,
2152 3566 2303 3624 quae
2364 3564 2460 3606 res
2534 3546 2914 3608 vehementer

629 3664 940 3724 claudicat.

749 3770 812 3847 2)
860 3772 947 3834 cf.
1026 3772 1277 3831 indicem
1358 3772 1689 3832 scholarum
1766 3770 1807 3830 J
1810 3768 2178 3831 acobitarum
2249 3764 2407 3841 apud
2472 3764 2916 3826 Barhebraeum

617 3882 878 3958 (Pfeifer‚
926 3881 1154 3943 Orient.
1193 3881 1533 3942 Bibliothek
1577 3902 1714 3959 pag.
1764 3879 1937 3953 549).
2024 3877 2176 3936 Mire
2219 3875 2332 3934 hac
2376 3892 2507 3934 cum
2550 3893 2614 3933 re
2658 3873 2918 3934 concinit

619 3992 774 4065 quod
817 3991 880 4049 in
923 3990 1173 4065 Hexapl.
1221 3988 1492 4067 Origenis
1538 4008 1576 4049 a
1620 3986 2078 4049 Montefalconio
2135 3983 2311 4043 editis
2358 3976 2391 4039 ὃ
2436 3975 2633 4059 Σύρος
2675 3981 2752 4041 ad
2798 3981 2916 4042 Ge-

619 4097 786 4156 nesin
831 4099 890 4156 et
931 4098 1190 4173 priorem
1233 4098 1689 4174 historicamque
1731 4096 1921 4157 Exodi
1966 4096 2200 4171 partem
2266 4091 2787 4164 commemoratur,
2848 4093 2917 4151 at

619 4205 683 4264 in
727 4205 972 4281 reliquis
1015 4206 1255 4266 Pentat.
1299 4206 1468 4266 libris
1514 4208 1752 4267 omnino
1797 4224 1916 4266 non
1960 4202 2280 4264 invenitur.

753 4311 818 4386 3)
862 4315 992 4373 Hoc
1031 4314 1377 4374 institutum
1421 4316 1542 4374 iam
1588 4315 1922 4391 antiquitus
1966 4313 2149 4373 fuisse
2167 4356 2181 4384 ,
2241 4329 2311 4369 ex
2356 4327 2507 4369 novo
2525 4355 2540 4382 ‚
2603 4309 2762 4386 quod
2808 4309 2922 4372 Sa-

622 4424 894 4484 bariesus
937 4422 1278 4499 patriarcha
1319 4423 1581 4497 institut,
1624 4423 1831 4483 elucet.
1919 4422 2123 4500 (Apud
2164 4417 2517 4479 Ebediesum
2558 4418 2653 4478 in:
2699 4418 2924 4481 Pfeifer

609 4532 650 4592 1.
694 4532 735 4591 l.
779 4550 916 4609 pag.
962 4532 1108 4596 426.
