3123 5063
1382 297 1473 361 57

272 468 384 535 lus
442 475 1020 555 praesumptaeque
1077 468 1400 555 opinionis
1461 485 1690 552 expers
1735 460 2042 532 concedet
2060 459 2128 545 ¹).
2227 456 2428 522 Immo
2474 448 2568 518 in-

274 578 664 664 scriptiones
724 579 878 646 illa-e
923 579 1009 645 ad
1053 581 1094 647 J
1100 579 1447 645 udaeorum
1492 597 1675 643 usum
1720 579 1906 641 erant
1937 570 2340 650 destinatae,
2407 579 2575 647 quae

287 691 402 752 aut
443 687 848 753 Psalmorum
891 694 1273 772 argumenta
1317 687 1721 770 exhiberent,
1782 688 1896 749 aut
1940 680 2084 769 usui
2128 673 2428 759 liturgico
2473 690 2614 737 sa-·

280 793 681 879 ,tisfacerent,
723 816 920 878 neque
961 803 1172 861 tamen
1215 796 1435 862 titulos
1479 794 1856 878 Hebraicos,
1902 792 2011 876 qui
2054 790 2248 856 etiam
2294 803 2463 849 nunc
2505 778 2577 844 in

290 910 590 970 contextu
635 906 959 972 Hebraico
1005 911 1281 990 exstant,
1327 905 1651 971 oblivione
1698 905 2057 971 obruerent.
2145 901 2312 967 Nam
2354 897 2585 964 Pesch.

289 1011 475 1077 initio
504 1011 954 1098 inscriptiones
978 1014 1336 1079 Hebraicas
1368 1013 1727 1096 retinuisse,
1754 1010 1904 1078 inde
1926 1011 2080 1076 licet
2124 1007 2364 1093 colligi,
2408 1003 2581 1090 quod

286 1120 487 1186 etiam
525 1140 697 1186 nunc
742 1122 1035 1204 quamvis
1078 1142 1325 1207 paucae
1368 1121 1770 1206 reperiuntur
1783 1120 1858 1205 2).
1945 1117 2212 1184 Accedit
2256 1116 2427 1200 quod
2472 1136 2582 1181 no-

293 1228 472 1294 mina
519 1235 850 1296 auctorum
894 1231 1294 1296 Psalmorum
1312 1281 1328 1314 ,
1372 1250 1538 1314 quae
1585 1236 1918 1296 contextus
1962 1226 2318 1294 Hebraicus
2361 1224 2582 1309 appel-

290 1336 406 1423 lat,
453 1336 587 1404 fere
632 1358 885 1424 semper
929 1345 1188 1405 servata
1233 1346 1382 1405 sunt
1423 1340 1492 1404 in
1520 1338 1833 1405 Versione
1856 1338 2112 1404 Nostra.
2199 1336 2334 1399 Nec
2377 1337 2588 1418 potest

293 1446 495 1533 statui
543 1446 937 1532 Simplicem,
1009 1468 1176 1531 quae
1221 1447 1509 1531 alioquin
1553 1446 1787 1532 premit
1831 1444 2109 1529 exempli
2154 1425 2478 1525 vestigia,⁸
2514 1439 2585 1507 in

292 1553 418 1618 hac
465 1554 609 1639 ipsa
656 1574 853 1621 causa
898 1560 1146 1621 tantam
1193 1555 1318 1620 sibi
1363 1554 1711 1639 sumpsisse
1755 1553 2117 1618 libertatem
2137 1549 2208 1637 ⁸).

394 1661 689 1729 ‚Maioris
756 1664 1013 1746 quidem
1075 1664 1380 1729 momenti
1447 1661 1534 1728 ad
1578 1663 1804 1729 Pesch.
1859 1668 2032 1727 recte
2103 1655 2585 1726 diiudicandm

286 1770 467 1836 tituli
526 1777 675 1837 sunt
720 1773 801 1838 de
849 1770 1172 1839 industria
1216 1792 1333 1857 per
1380 1772 1781 1861 Christianos
1824 1770 2068 1852 vitiati,
2134 1787 2253 1833 nec
2296 1786 2443 1832 raro
2483 1784 2586 1830 res

296 1879 585 1965 profecta
649 1887 748 1947 est
815 1882 900 1946 ab
956 1881 1326 1947 hominibus
1371 1881 1566 1966 plane
1610 1880 1969 1962 illiteratis3
2034 1898 2185 1944 nam
2226 1875 2588 1942 invenimus

292 2008 398 2056 res
442 2009 485 2054 a
528 1989 758 2056 litteris
802 1991 1378 2075 monumentisque,
1425 2010 1591 2073 quae
1636 1989 1824 2056 nobis
1847 1994 1994 2054 sunt
2036 1985 2313 2072 prodita,
2358 1984 2586 2051 abhor-

289 2104 528 2183 rentes,
572 2105 812 2166 autres
845 2099 1137 2167 diversas
1183 2101 1340 2165 mire
1388 2098 1869 2166 confundentes.
1953 2098 2034 2161 In
2072 2096 2231 2181 ipsis
2276 2092 2589 2161 eiusmodi

292 2207 498 2274 titulis
542 2208 861 2277 interdum
905 2229 1245 2294 possumus
1288 2208 1581 2283 invenire
1626 2209 1941 2292 genuinos
1963 2257 1980 2292 ,
2026 2206 2135 2290 qui
2178 2205 2331 2271 olim
2375 2210 2587 2270 exsta-

297 2315 473 2382 bant.
694 2383 704 2390 ,

427 2421 557 2487 Ubi
584 2426 799 2486 autem
845 2440 947 2487 res
993 2422 1317 2505 quaelibet
1358 2458 1446 2468 —
1491 2440 1660 2504 quae
1707 2421 2123 2505 plerumquae
2167 2424 2459 2504 spectant
2501 2417 2588 2484 ad

294 2529 569 2598 Davidis
596 2528 797 2596 vitam
843 2568 919 2577 -
972 2530 1041 2595 in
1084 2531 1296 2598 locum
1340 2530 1829 2616 inscriptionum
1875 2528 2299 2614 genuinarum
2344 2549 2593 2596 succes-

298 2645 539 2724 serunt,
572 2659 690 2704 nec
731 2659 847 2705 eae
886 2640 1085 2705 ullam
1113 2640 1356 2707 habent
1399 2660 1627 2706 ansam
1670 2639 1738 2703 in
1781 2644 2159 2721 argumento
2190 2637 2591 2704 Psalmorum

295 2746 399 2811 vel
443 2747 971 2832 interpretatione
1016 2748 1396 2833 Hagadica,
1470 2748 1674 2814 solum
1723 2752 1923 2812 restat
1965 2745 2347 2830 remedium,
2393 2753 2462 2811 ut
2501 2745 2593 2811 ad

298 2855 735 2921 coniecturam
792 2857 1436 2942 probabilitatemque
1483 2856 1963 2941 confugiamus,
2030 2876 2155 2939 quo
2202 2856 2444 2921 auxilio
2489 2876 2592 2921 su-

296 2961 639 3049 persedere
667 2964 824 3030 mihi
852 2984 1043 3050 posse
1088 2964 1329 3050 videor,
1374 2965 1699 3049 quoniam,
1743 2984 1910 3049 quae
1955 2964 2253 3049 exempla
2278 2963 2592 3031 allaturus

435 3157 497 3236 1)
540 3160 737 3219 Dathe
781 3158 993 3238 (praef.
1039 3160 1315 3239 XXXVI)
1359 3162 1674 3222 annotavit
1691 3207 1706 3234 ‚
1763 3162 1828 3220 in
1872 3161 2095 3233 codice,
2145 3160 2245 3235 qui
2290 3161 2489 3220 exstat
2530 3159 2595 3219 in

305 3265 712 3328 »Bibliotheca
767 3267 1284 3346 Orphanotrophei
1362 3269 1641 3330 Halcnsis
1657 3315 1671 3343 ,
1745 3268 2159 3345 inscriptiones
2239 3268 2388 3328 alias
2469 3285 2595 3332 esse

295 3375 672 3436 Psalmorum
692 3421 707 3450 ,
776 3397 954 3453 quam
1016 3398 1167 3455 quae
1231 3380 1294 3439 in
1338 3380 1698 3457 Polyglottis
1760 3378 2231 3439 Londinensibus
2295 3378 2594 3456 leguntur,

299 3502 514 3561 easque
569 3487 640 3544 ut
689 3486 1006 3561 plurimum
1065 3489 1445 3566 breviores«,
1520 3488 1800 3559 Quamvis
1855 3506 1994 3548 vero
2036 3486 2235 3547 omnia
2280 3487 2596 3563 experirer,

298 3596 370 3653 ut
412 3593 525 3654 hac
569 3595 640 3654 de
686 3602 864 3656 causa
910 3597 1136 3673 aliquid
1182 3598 1327 3657 certi
1362 3617 1790 3676 cognoscerem,
1834 3615 1907 3656 ne
1951 3597 2312 3670 levissimam
2358 3596 2596 3672 quidem

297 3720 443 3775 rem,
489 3704 559 3761 ut
582 3704 960 3781 perciperem,
988 3706 1133 3765 mihi
1160 3706 1430 3785 contigit.
1518 3708 1810 3783 Equidem
1836 3706 2096 3779 coniicio,
2143 3706 2225 3764 ibi
2256 3708 2362 3766 aut
2389 3706 2599 3765 titulos

297 3810 338 3868 J
339 3810 579 3871 udaicos
625 3812 779 3871 solos
843 3815 1107 3887 exstare,
1177 3819 1284 3875 aut
1330 3816 1701 3877 Christianos
1721 3862 1734 3888 ‚
1800 3816 1901 3892 qui
1961 3814 2198 3891 quidem
2244 3815 2598 3874 concordare

298 3919 515 3978 debent
576 3938 708 3979 cum
750 3920 1026 3982 Eusebio,
1117 3923 1396 4000 Quisquis
1455 3944 1549 3983 me
1608 3925 1720 3984 hac
1779 3925 1851 3983 de
1909 3923 2251 3999 quaestione
2311 3922 2596 3994 edocebit,

296 4045 390 4086 me
435 4027 694 4088 maxima
739 4029 940 4106 gratia
986 4031 1339 4091 obstrictum
1383 4032 1630 4091 tenebit.

432 4135 496 4208 2)
546 4134 635 4197 cf.
681 4136 810 4195 Pss.
863 4137 963 4212 17,
1014 4140 1116 4213 51,
1165 4141 1266 4214 57,
1315 4142 1418 4201 90.

426 4241 491 4315 3)
537 4242 705 4313 Quod
748 4243 944 4305 Dathe
987 4247 1147 4320 vult,
1194 4267 1231 4307 a
1277 4248 1444 4324 Syris
1491 4247 1755 4308 divinam
1810 4244 2263 4322 inscriptionum
2319 4246 2597 4304 naturam

290 4352 596 4431 negatam,
641 4352 927 4411 caducum
973 4356 1066 4413 est
1090 4357 1151 4413 et
1182 4354 1556 4429 imbecillum,
1596 4355 1926 4431 nititurque
1965 4352 2243 4429 opinione
2265 4351 2601 4411 falsissima.

293 4461 381 4523 Of.
426 4460 786 4523 Psalterium
830 4461 1158 4541 Syriacum,
1203 4465 1390 4550 praef.
1433 4485 1570 4550 pag.
1615 4464 1864 4526 XXXVI
1909 4465 1969 4525 et
2014 4481 2196 4546 supra
2236 4480 2372 4546 pag.
2418 4461 2523 4527 49.
