3123 5063
1375 352 1449 415 11

267 541 414 586 nem
470 520 817 604 ,quandam
875 521 1212 608 Syriacam
1277 522 1488 607 novit,
1563 523 1644 588 de
1711 543 1833 606 quo
1909 522 2217 588 hactenus
2278 540 2557 605 comper-

270 632 405 692 tum
470 626 817 712 habemus,
873 633 969 694 est
1010 629 1228 694 Melite
1285 627 1628 695 Sardensis
1675 626 1868 714 (saec.
1910 628 1977 692 II
2024 626 2282 711 Christ.)
2342 627 2450 709 qui
2494 626 2564 691 in

268 736 513 802 scholio
574 738 661 803 ad
721 739 950 806 Genes.
993 742 1110 824 22,
1182 742 1262 806 13
1310 740 1568 828 (νῦ-ιρι
1626 756 1805 827 720:
1854 741 2033 826 mm)
2087 742 2567 807 commemorat:

271 844 689 927 κατεχόμενος
756 852 882 910 τῶν
951 852 1250 930 κεράτων.
1353 849 1388 913 ὅ
1447 851 1647 930 Σύρος
1714 851 1824 913 καί
1886 849 1921 913 ὃ
1966 848 2257 932 Ἑβραῖος
2334 847 2565 929 κρεμά-

270 950 462 1034 μενός
506 968 736 1037 φησιν,
807 949 893 1028 ὥς
950 958 1341 1039 σαφέστερον
1392 959 1635 1023 τυποῦν
1675 955 1786 1020 τὸν
1830 959 2101 1038 σταῦρον
2122 956 2192 1043 1).
2275 957 2566 1022 Comme-

271 1067 557 1128 moratur
619 1060 693 1150 „5
725 1063 965 1145 Σύρος“
1018 1066 1211 1132 etiam
1256 1088 1297 1132 a
1343 1068 1587 1133 Basilio
1629 1067 1713 1132 M.
1750 1064 1961 1149 (Hom.
2003 1069 2045 1132 2
2103 1067 2172 1132 in
2209 1066 2570 1154 Hexaem.)‚

271 1173 352 1236 ab
398 1172 681 1239 Eusebio
741 1175 1194 1262 Gaesareensi‚
1252 1178 1536 1245 Diodoro
1594 1178 1934 1261 Tarsensi,
1995 1178 2274 1244 Eusebio
2336 1178 2567 1262 Emes„

271 1281 668 1368 Hieronymo
692 1283 776 1372 2),
833 1286 1236 1355 Theodoreto
1260 1287 1331 1375 3).
1380 1327 1460 1336 ——
1504 1289 1880 1354 Ambrosius
1925 1268 2085 1354 haec
2132 1288 2199 1374 (l.
2242 1289 2293 1353 l.
2339 1308 2392 1352 c.
2438 1286 2564 1373 8.):

280 1391 617 1477 „Denique
660 1395 890 1482 Syrus,
938 1399 1047 1481 qui
1089 1399 1387 1465 Hebraeo
1431 1399 1682 1465 vicinus
1726 1405 1822 1465 est
1866 1404 1929 1465 et
1969 1397 2035 1463 in
2082 1418 2373 1464 sermone
2418 1418 2566 1463 eon-

275 1510 467 1568 sonat
534 1509 597 1569 et
639 1505 707 1570 in
751 1506 1072 1592 plerisque
1118 1509 1415 1593 congruit
1457 1510 1551 1575 sic
1597 1509 1824 1574 habet:
1892 1514 1954 1574 et
1997 1507 2258 1593 spiritus
2304 1507 2429 1572 Dei
2472 1506 2566 1571 fo-

272 1611 470 1676 vebat
512 1612 753 1696 aquas“
789 1613 1048 1699 (Genes.
1098 1618 1154 1701 1,
1201 1618 1304 1704 2)3
1352 1618 1779 1701 Hieronymus
1823 1617 1892 1681 in
1937 1616 2283 1702 Epitaphio
2321 1614 2565 1680 Paulae

271 1719 358 1785 ad
401 1721 821 1789 Eustochium
842 1724 898 1807 4)
962 1726 1207 1791 scribit:
1280 1726 1653 1814 „Hebrai00‚
1701 1726 1967 1811 Graeco,
2012 1726 2244 1791 Latino
2293 1724 2567 1808 Syroque

272 1848 567 1896 sermone
597 1832 840 1898 Psalmi
876 1833 944 1898 in
990 1834 1212 1900 ordine
1256 1834 1753 1921 personabant“.
1848 1836 2170 1922 „Genesin
2212 1835 2281 1899 in
2324 1834 2567 1898 idioma

273 1939 610 2024 Syriacum
652 1944 1034 2009 translatam
1080 1944 1309 2030 fuisse,
1375 1946 1722 2029 Augustini
1766 1966 2013 2029 quoque
2071 1965 2260 2031 aures
2309 1940 2560 2027 attigit“

278 2046 385 2134 (de
433 2049 552 2114 civ.
598 2051 678 2115 D.
729 2051 844 2136 15,
894 2054 1003 2137 13)
1029 2052 1079 2139 5)
1127 2055 1308 2132 Quae
1353 2056 1722 2121 testimonia
1766 2076 1958 2139 quum
2003 2054 2281 2138 vestigia
2325 2057 2568 2139 ponant

274 2157 344 2221 in
371 2177 536 2223 saec.
579 2159 647 2223 II
680 2159 796 2225 Ch.
839 2161 1001 2246 ipso,
1036 2183 1166 2227 non
1194 2184 1236 2228 a
1268 2184 1418 2229 vero
1466 2164 1905 2229 existimamus
1937 2165 2239 2230 aberrare
2277 2163 2333 2229 si
2376 2161 2569 2228 etiam

282 2266 590 2333 maiorem
634 2269 971 2337 tribuimus
1018 2271 1308 2358 Simplici
1353 2280 1632 2339 aetatem
1652 2272 1723 2360 ⁶).

414 2377 740 2444 Postremo
767 2400 869 2447 res
908 2401 948 2446 a
980 2382 1233 2456 nemine
1269 2384 1500 2463 adhuc,
1538 2390 1845 2468 quantum
1868 2385 2088 2468 sciam,
2120 2380 2573 2448 animadversa

279 2487 586 2553 maiorem
643 2490 975 2557 Versionis
1018 2493 1290 2559 Nostrae
1335 2500 1611 2561 aetatem
1656 2496 1921 2582 probat3
1965 2515 2117 2560 nam
2159 2480 2411 2560 Novum
2453 2492 2575 2557 Te·-

281 2603 668 2664 stamentum
697 2600 1053 2686 Syriacum,
1100 2603 1270 2686 quod
1313 2605 1685 2690 plerumque
1730 2606 2045 2672 serviliter
2088 2609 2331 2669 textum
2378 2602 2574 2668 Grae-

286 2727 429 2772 cum
474 2708 778 2795 sequitur,
823 2711 1143 2777 interdum
1188 2713 1362 2779 locos
1405 2716 1480 2780 V.
1523 2717 1598 2782 Τ.
1642 2717 1711 2781 in
1754 2718 2008 2783 Novum
2050 2719 2340 2800 receptos
2386 2713 2576 2778 affert

289 2817 638 2885 secundum
675 2818 1042 2906 Simplicem
1066 2822 1388 2889 Nostram.
1476 2826 1688 2910 Atque
1734 2825 1789 2891 si
1817 2826 1894 2891 N.
1940 2825 2015 2889 T.
2061 2822 2271 2889 versio
2301 2822 2576 2907 Syriaca

415 3129 479 3210 1)
521 3133 770 3213 Legitur
815 3135 1115 3195 Melitonis
1159 3134 1561 3213 fragmentum
1605 3134 1668 3193 in
1712 3133 1946 3194 scholiis
1990 3135 2236 3207 editioni
2273 3135 2575 3196 Romanae

279 3241 438 3301 LXX
480 3242 737 3321 interpp.
781 3245 1069 3306 versionis
1114 3246 1374 3305 annexis.
1463 3244 1590 3304 Nec
1656 3245 1916 3321 Simplex
1960 3244 2187 3305 Nostra
2230 3264 2337 3304 nec
2384 3264 2578 3304 exem-

281 3353 447 3430 plum
467 3353 651 3413 Hebr.
679 3352 766 3431 τῷ
817 3351 1162 3430 κρεμαμένῳ
1206 3356 1582 3431 respondent.
1670 3352 1809 3415 Vid.
1856 3374 1974 3430 qua
2014 3354 2244 3414 ratione
2289 3354 2578 3413 Wichelh.

228 3535 235 3540 ,
281 3443 409 3523 rem
454 3463 694 3523 studeat
729 3464 1001 3540 expedire
1045 3461 1189 3542 (pag
1237 3462 1363 3541 66).
1454 3463 1619 3534 Quod
1659 3481 1798 3524 vero
1842 3462 2194 3522 Doederlein
2237 3463 2411 3536 dicit,
2476 3455 2579 3519 τὸν

286 3566 488 3647 Σύρον
521 3573 669 3631 nihil
714 3573 874 3634 aliud
907 3593 1033 3634 esse
1056 3574 1171 3633 nisi
1213 3574 1769 3650 interpretationem
1800 3573 2085 3634 Graecam
2130 3592 2202 3632 ex
2230 3572 2581 3649 Hieronymi

283 3680 552 3741 versione
597 3681 824 3742 Latina
867 3682 1106 3755 factam,
1152 3702 1365 3759 parum
1413 3681 1781 3759 argumentis
1828 3682 2214 3743 confirmavit.

421 3811 487 3891 2)
532 3814 617 3874 Of.
665 3814 1084 3876 Montefalcon.
1146 3816 1209 3874 in
1251 3815 1506 3891 Hexapl.
1553 3814 1718 3891 Orig.
1764 3813 1905 3874 diss
1957 3813 2222 3890 praelim.
2271 3832 2319 3873 c.
2361 3813 2392 3871 I
2438 3814 2472 3886 ξ
2520 3812 2579 3873 8.

421 3942 488 4023 3)
533 3945 673 4022 Gap.
723 3949 758 4007 3
807 3946 1018 4007 Jonae.

421 4072 489 4153 4)
529 4076 641 4153 Ep.
689 4073 791 4137 27.

420 4199 487 4288 5)
534 4205 624 4268 Of.
669 4206 1065 4269 WichelhauS.
1155 4225 1275 4284 pag
1323 4203 1602 4265 64-68.
1684 4210 1688 4214 “

421 4335 485 4417 6)
527 4338 740 4399 Patres
787 4340 1022 4417 quidem
1069 4336 1446 4401 ecclesiastici
1505 4355 1643 4396 raro
1698 4336 1980 4395 adhibent
2026 4332 2128 4393 τόν
2177 4331 2379 4412 Σῦρον
2423 4354 2586 4395 eum-

287 4468 401 4527 que
446 4449 746 4509 interdum
790 4469 909 4509 non
943 4451 1214 4510 accurate
1256 4448 1526 4521 laudant,
1574 4465 1725 4523 quae
1767 4465 1861 4506 res
1893 4445 2115 4522 optime
2153 4446 2338 4526 docet2
2383 4444 2587 4511 Pesch.

284 4556 516 4618 saeculo
558 4556 652 4622 III
696 4558 756 4625 et
797 4554 882 4615 IV
923 4575 1042 4616 non
1084 4556 1173 4616 ita
1214 4555 1386 4644 longe
1430 4571 1556 4618 esse
1600 4553 2033 4630 pervulgatam.
