3123 5063
1665 321 1752 384 24

700 492 800 558 De
841 490 1129 560 dialectis
1167 512 1321 560 vero
1365 491 1702 560 Aramaeis
1746 495 1968 559 nostra
2012 494 2223 557 aetate
2264 488 2531 555 multum
2574 494 2673 555 est
2715 485 2848 554 dis·

567 606 891 686 putatum,
950 601 1294 689 praecipue
1346 602 1416 667 in
1462 600 1989 687 disceptationem
2035 619 2137 666 res
2182 603 2280 666 est
2322 603 2555 665 vocata
2573 648 2590 683 ,
2634 601 2845 665 utrum

446 710 453 717 ’
569 708 936 777 Chaldaeus
995 715 1059 776 et
1097 710 1404 796 Syriacus
1468 730 1675 777 sermo
1742 709 1914 777 idem
1973 714 2143 775 esset
2206 728 2293 774 an
2333 713 2583 773 tantum
2626 706 2847 791 aliqua

571 838 652 885 ex
681 824 866 905 parte
896 819 1063 885 inter
1108 839 1178 886 se
1225 824 1665 904 congruerent,
1711 839 1840 902 qua
1883 816 1964 883 de
2006 836 2077 883 re
2117 816 2324 884 fusius
2369 817 2708 883 uberiusve
2751 814 2846 882 fa-

570 947 716 995 cere
777 930 978 995 verba
1042 928 1149 997 hic
1190 950 1320 996 non
1365 934 1464 996 est
1509 928 1705 995 locus.
1793 928 1920 993 Pro
1966 931 2137 993 certo
2183 925 2439 1011 quidem
2481 930 2691 1011 potest
2733 925 2846 991 ha-

569 1038 729 1123 beri,
775 1038 1161 1125 discrimina,
1207 1058 1373 1124 quae
1416 1039 1485 1104 in
1509 1037 1948 1123 grammatica,
1991 1036 2341 1122 vocalibus,
2382 1035 2611 1103 litteris
2653 1035 2845 1100 inter-

571 1147 830 1234 cedunt,
895 1148 1265 1234 antiquitus,
1309 1148 1367 1215 si
1406 1169 1537 1214 non
1580 1147 1779 1232 nulla,
1822 1152 2039 1212 tamen
2080 1166 2286 1232 parva
2330 1145 2528 1212 fuisse
2551 1143 2634 1232 ¹),
2679 1164 2846 1229 quae

567 1255 840 1325 fortasse
903 1257 1191 1344 profecta
1252 1262 1400 1325 sunt
1465 1277 1548 1324 ex
1618 1256 1967 1323 enuntiatis
2035 1255 2402 1340 regionibus
2465 1253 2846 1339 quibusdam

568 1366 778 1452 magis
843 1366 1302 1453 familiaribus,
1365 1386 1486 1434 nec
1551 1386 1823 1453 parvum
1877 1366 2143 1433 contulit
2186 1366 2273 1432 ad
2313 1365 2431 1432 illa
2475 1363 2845 1432 discrimina

567 1476 868 1559 augenda
909 1477 1010 1543 vis
1052 1476 1419 1561 linguarum
1449 1475 1741 1543 Graecae
1786 1481 1849 1542 et
1890 1476 2254 1561 Hebraeae,
2296 1474 2604 1561 imprimis
2649 1493 2845 1558 quum

564 1583 822 1652 litterae
890 1586 1198 1672 Assyriae
1257 1585 1363 1652 vel
1437 1585 1823 1672 quadratae,
1908 1605 2074 1670 quae
2149 1586 2415 1670 linguae
2482 1584 2845 1650 Aramaeae

565 1694 866 1781 propriae
946 1694 1228 1781 fuerant,
1317 1693 1403 1761 ad
1479 1695 1869 1762 Hebraicum
1956 1714 2207 1780 quoque
2294 1699 2560 1780 coeptae
2631 1697 2843 1759 essent

566 1804 861 1890 usurpari
879 1803 950 1891 ²).

693 1914 813 1980 His
880 1912 1159 1981 breviter
1222 1912 1594 2000 praemissis
1661 1911 1997 1980 redeamus
2060 1931 2230 1977 nunc
2291 1908 2376 1977 ad
2448 1909 2839 1996 propositum

564 2030 848 2092 nostrum
891 2029 957 2090 et
998 2023 1228 2107 quibus
1269 2022 1664 2108 temporibus
1711 2021 2000 2107 Simplex
2041 2021 2278 2088 Nostra
2321 2025 2479 2087 nata
2522 2020 2632 2105 sit,
2701 2019 2842 2087 illu-

563 2142 850 2202 stremus.
936 2133 1171 2200 Paucis
1213 2133 1344 2199 iam
1388 2153 1586 2218 supra
1629 2131 2005 2216 monuimus,
2049 2135 2196 2217 post
2240 2130 2535 2199 exsilium
2562 2131 2841 2217 Babylo-

514 2272 519 2284 ’
560 2245 738 2314 nium
779 2243 939 2310 fines
982 2241 1292 2309 sermonis
1335 2241 1641 2308 Hebraici
1685 2240 1895 2326 magis
1940 2240 2277 2324 magisque
2322 2260 2463 2307 esse
2510 2241 2842 2308 cohibitos.

560 2354 768 2434 Quum
832 2373 986 2419 vero
1053 2352 1218 2419 Esra
1278 2357 1342 2418 et
1374 2351 1689 2418 Nehemia
1733 2350 2031 2417 Mosaicis
2094 2349 2350 2433 legibus
2409 2350 2844 2435 institutisque

557 2461 862 2550 populum
917 2460 1155 2527 vellent
1199 2459 1566 2526 devinctum
1611 2459 2123 2544 destrictumque,
2167 2458 2293 2525 hae
2329 2458 2509 2543 leges
2553 2478 2843 2527 sermone

560 2570 852 2640 omnibus
896 2575 1077 2656 noto,
1142 2569 1187 2637 i.
1231 2589 1285 2635 e.
1344 2570 1703 2656 Aramaeo,
1762 2570 2267 2656 exprimerentur
2309 2574 2447 2635 erat
2487 2588 2753 2637 necesse
2771 2568 2843 2657 3).

556 2679 840 2746 Primum
905 2678 1161 2763 quidem
1232 2677 1677 2763 interpretatio
1742 2675 1827 2743 ad
1893 2678 2067 2744 locos
2131 2676 2404 2744 fortasse
2448 2676 2844 2747 difficiliores

557 2787 912 2874 spectabat,
959 2792 1074 2853 aut
1113 2786 1202 2853 ad
1243 2786 1463 2871 verba,
1512 2805 1678 2869 quae
1714 2786 2123 2872 peculiariter
2166 2786 2492 2852 debebant
2534 2786 2843 2871 intellegi.

555 2898 660 2963 Ita
730 2896 1105 2982 Targumim
1170 2894 1488 2980 quaedam
1533 2895 1941 2980 exstiterunt,
2007 2914 2172 2979 quae
2215 2915 2298 2962 ne
2337 2895 2845 2963 Pentateuehum

559 3005 818 3091 quidem
837 3007 1159 3091 integrum
1186 3005 1650 3091 continuerunt,
1675 3003 1910 3071 nedum
1940 3009 2140 3070 totam
2152 3004 2546 3092 Scripturam
2561 3006 2843 3075 Sacram.

556 3116 786 3184 Fuisse
849 3115 1106 3202 quidem
1150 3115 1591 3198 Paraphrases
1658 3121 1721 3182 et
1763 3116 2317 3201 interpretationes
2362 3121 2696 3184 contextus
2741 3137 2842 3184 re-

557 3226 817 3312 citandi,
842 3246 962 3294 nec
991 3225 1265 3311 cogitari
1291 3245 1480 3311 posse
1509 3224 1590 3292 de
1621 3224 1897 3308 propria
1923 3226 2217 3305 versione,
2258 3232 2545 3311 apparet.
2632 3227 2844 3307 Quum

556 3357 709 3404 vero
777 3355 986 3402 sermo
1046 3333 1403 3401 Hebraious
1462 3334 1531 3399 in
1578 3333 1716 3401 dies
1782 3334 1992 3420 magis
2065 3333 2358 3420 usurpari
2429 3334 2841 3425 desineretur,

557 3444 911 3510 Aramaeus
975 3444 1504 3527 inveterasceret,
1578 3442 1758 3508 Libri
1804 3442 1983 3509 Sacri
2025 3442 2169 3527 plus
2212 3442 2503 3509 minusve
2544 3443 2612 3510 in
2655 3465 2841 3511 usum

555 3552 890 3636 vulgarem
970 3551 1256 3637 abirent,
1339 3551 1740 3619 Halachicae
1805 3549 2314 3636 Hagadicaeque
2379 3552 2839 3638 explicationes

556 3664 987 3747 emergerent,
1050 3660 1426 3746 Targumim
1490 3661 1687 3728 etiam
1731 3665 1925 3745 atque
1997 3660 2192 3726 etiam
2235 3666 2387 3727 sunt
2428 3661 2840 3750 amplificata,

555 3790 908 3856 munusque
948 3770 1360 3857 interpretum
1376 3821 1393 3856 ,
1461 3770 1571 3854 qui
1616 3782 2015 3837 :umatum
2061 3775 2368 3836 vocantur
2384 3821 2402 3856 ,
2469 3776 2675 3838 ortum
2726 3780 2840 3860 est,
2919 3830 2928 3836 ,

556 3879 666 3964 qui
707 3901 836 3946 non
874 3877 1219 3946 arbitraria
1261 3878 1362 3946 usi
1406 3878 1675 3964 ratione,
1720 3878 1837 3946 sed
1881 3897 1982 3964 ea,
2026 3898 2193 3963 quae
2238 3883 2372 3945 tum
2415 3886 2554 3947 erat
2596 3902 2840 3969 norma,

688 4179 752 4257 1)
795 4181 1390 4261 Argumentationem
1415 4185 1590 4262 hujus
1622 4185 1709 4246 rei
1742 4184 1861 4247 vid.
1906 4185 2125 4247 Bleek:
2169 4185 2511 4265 Einleitung
2532 4188 2641 4248 ete.
2669 4187 2836 4252 1870

554 4310 691 4370 pag.
737 4291 817 4352 56
863 4310 1025 4368 seqq.
1071 4291 1143 4352 cf.
1187 4291 1488 4353 Noeldeke
1532 4294 1592 4352 et
1624 4293 1793 4355 Merx
1835 4294 1897 4354 Z.
1919 4294 1995 4356 D.
2017 4294 2103 4355 M.
2128 4294 2196 4359 G.
2244 4294 2408 4355 1868
2453 4315 2591 4374 pag.
2618 4297 2739 4359 271
2775 4299 2837 4359 ff.

693 4397 759 4478 2)
794 4400 892 4474 Cf.
931 4400 1083 4463 Esra
1124 4400 1231 4476 IV,
1281 4403 1338 4476 7,
1386 4401 1488 4463 17.

680 4506 746 4588 3)
791 4509 878 4573 cf.
920 4509 1206 4586 Nehemia
1248 4512 1308 4589 8,
1355 4511 1416 4573 8.
