3123 5063
1646 331 1725 394 72

524 496 751 563 Ps.31.
841 498 1210 582 Προφητεία
1253 498 1381 559 τῶν
1424 495 1534 560 διὰ
1582 501 1862 580 Χριστοῦ
1908 500 2407 584 σωθησομένων.

655 606 760 671 32.

662 715 767 780 33.

664 823 767 889 34.

666 934 769 998 35.

669 1042 772 1107 36.

665 1152 769 1216 37.

669 1260 774 1325 38.

665 1368 770 1433 39.

663 1584 768 1650 40.

571 1683 595 1707 ‘
665 1694 770 1760 41.

852 603 1326 688 Παρακέλευσις
1369 601 1751 687 ὑμνολογίας
1793 608 1907 671 σὺν
1956 606 2292 689 θεολογίᾳ.

853 713 1261 777 Διδασκαλία
1304 712 1725 798 εὐχαριστίας.

841 822 1141 909 Ἱκετηρία
1192 822 1447 887 δικαίου
1491 828 1602 886 καὶ
1645 827 2001 909 προφητεία
2045 829 2190 909 περὶ
2234 829 2530 910 Χριστοῖ.

845 931 1135 1013 Ἔλεγχος
1179 930 1433 1015 ἀσεβῶν
1474 933 1588 997 σῦν
1634 932 1965 1015 θεολογίᾳ.

859 1040 1263 1105 Διδασκαλία
1309 1044 1664 1125 θεοσεβοῦς
1704 1044 1870 1125 βίου.

850 1149 1259 1229 ,Διδασκαλία
1302 1149 1835 1235 ἐξομολογήσεως.

843 1259 1155 1336 Ἕντευξις
1195 1261 1311 1327 σὺν
1355 1258 1823 1346 ἐξομολογήσει.

859 1364 1246 1452 Εὕχαριστία
1304 1369 1414 1433 τοῦ
1471 1369 1633 1431 κατὰ
1697 1368 1861 1432 θεὸν
1933 1370 2259 1445 σωθέντος
2316 1372 2427 1433 καὶ
2466 1369 2683 1457 μνήμη
2724 1371 2835 1434 ἔκ-

863 1474 1142 1561 κλησίας.

859 1585 1228 1670 Προφητεία
1271 1587 1416 1668 περὶ
1460 1587 1736 1667 Χριστοῦ
1778 1587 1886 1647 καὶ
1929 1589 2075 1668 περὶ
2115 1588 2227 1649 τοῦ
2271 1587 2617 1671 προδότου.

845 1693 1145 1779 Ἱκετηρία
1217 1697 1567 1780 προφητῶν
1640 1694 1748 1758 ἐπὶ
1821 1697 1895 1785 τῇ
1969 1693 2265 1787 α’ποβολῇ
2330 1699 2442 1764 τοῦ
2493 1695 2837 1762 Ἰουδαίων

858 1803 1117 1878 ἔθνους.

661 1912 748 1978 42
792 1918 856 1978 et
898 1914 1002 1979 43.
1079 1910 1218 1974 Ἔτι
1261 1914 1409 1996 περὶ
1447 1912 1561 1974 τοῦ
1608 1909 1822 1978 αὐτοῦ.

657 2022 763 2087 44.

664 2130 769 2195 45.

661 2238 767 2303 46.

663 2347 770 2412 47.

566 2568 579 2582 ‘
659 2566 764 2631 48.

656 2674 761 2741 49.

655 2890 759 2957 50.

655 2999 760 3064 51.

655 3106 760 3173 52.

657 3217 760 3283 53.

654 3328 759 3393 54.

654 3435 759 3502 55.

652 3545 756 3612 56.

655 3655 760 3720 57.

657 3765 762 3830 58.

655 3874 760 3940 59.

656 3982 763 4048 60.

655 4092 760 4157 61.

653 4203 755 4269 62.

651 4314 756 4380 63.

650 4421 752 4486 64.

657 4530 758 4595 65.

846 2018 1231 2105 Ἐπιφάνεια
1274 2021 1556 2103 Χριστοῦ
1595 2019 1950 2101 βασιλείας.

847 2125 1260 2193 ’Λποστόλων
1304 2127 1620 2213 κήρυγμα.
1653 2114 1660 2116 ’

859 2235 1092 2322 Κλῆσις
1135 2236 1380 2300 ἐθνῶν.

848 2343 1095 2428 ’Υμνος
1150 2345 1242 2420 εἷς
1299 2344 1465 2408 θεὸν
1530 2346 1677 2428 περὶ
1737 2347 1843 2429 τῆς
1898 2343 2231 2429 εκκλησίας
2289 2348 2398 2408 καὶ
2454 2349 2835 2465 καθαίρεσις

854 2453 1172 2537 διωγμῶν.

856 2565 1054 2638 Θείας
1096 2565 1359 2648 κρίσεως
1401 2561 1811 2627 διδασκαλία.

839 2669 1200 2758 Ἀνατροπή
1257 2675 1368 2735 τοῦ
1428 2676 1574 2757 περὶ
1620 2674 1875 2736 θυσιῶν
1926 2672 2258 2746 Μωῦσέως
2302 2670 2508 2754 νόμου
2550 2677 2660 2737 καὶ
2703 2675 2831 2750 εἶς-

854 2783 1066 2866 αγωγῆ
1113 2783 1221 2845 τοῦ
1266 2782 1372 2865 τῆς
1417 2782 1643 2865 καινῆς
1689 2778 2031 2865 διαθήκης.

846 2888 1250 2954 Διδασκαλία
1295 2886 1830 2972 ἓξομολογήσεως.

834 2996 1122 3077 Ἔλεγχος
1164 2999 1276 3061 τοῦ
1321 2998 1609 3081 πονηροῦ
1653 2993 1894 3079 τρόπου
1936 2997 2046 3057 καὶ
2082 2994 2259 3069 τέλος
2302 2997 2412 3061 τοῦ
2454 2992 2671 3062 αὐτοῦ.

845 3107 1169 3191 Σωτηρίας
1213 3104 1571 3190 ἐπιφάνεια
1615 3106 1725 3167 καὶ
1770 3101 2121 3188 α’θεότητος
2163 3101 2533 3188 ἀπαλλαγή.

849 3213 1170 3299 Προςευχῆ
1216 3216 1328 3277 τοῦ
1373 3214 1534 3277 κατὰ
1582 3214 1748 3276 θεὸν
1794 3209 2286 3294 ἀγωνιζομένου.

845 3323 1135 3409 Δήλωσις
1177 3326 1304 3387 τῶν
1347 3323 1508 3386 κατὰ
1556 3325 1837 3407 Χριστοῦ
1883 3320 2380 3406 τετολμημένων.

846 3436 1117 3497 Δικαίου
1159 3430 1509 3517 εὖχαριστία
1555 3430 1867 3518 ρυθέντος
1909 3430 1980 3507 ἐξ
2022 3429 2303 3515 ἐχθρῶν.

846 3540 1228 3628 Εὗχαριστία
1273 3544 1382 3606 τοῦ
1426 3539 1640 3604 Δαυὶδ
1682 3544 1790 3603 καὶ
1835 3541 2191 3626 προφητεία
2259 3537 2536 3625 κλήσεως
2578 3538 2829 3603 ἐθνῶν.

847 3650 1252 3716 Διδασκαλία
1296 3653 1402 3735 τῆς
1443 3653 1547 3713 τοῖ’-
1590 3651 1756 3713 θεοῦ
1802 3648 2283 3733 δικαιοκρισίας.

851 3761 1087 3847 Κλῆσις
1127 3760 1350 3825 ἐθνῶν
1392 3762 1502 3822 καὶ
1540 3758 1874 3823 Ἰουδαίων
1913 3756 2230 3843 α’ποβολή.

839 3867 1178 3955 ’Λποβολή
1219 3871 1331 3935 τοῦ
1367 3866 1769 3950 Ἰουδαϊσμοῦ
1810 3870 1920 3931 καὶ
1963 3866 2182 3968 κλῆσις
2222 3866 2466 3929 ἐθνῶν.

849 3981 1078 4065 Δέησις
1120 3978 1239 4043 σὺν
1279 3977 1667 4062 εὐχαριστίᾳ.

848 4086 1257 4153 Διδασκαλία
1302 4083 1761 4172 θεραπευτική.

845 4197 1228 4281 Εὕχαριστία
1271 4199 1376 4259 τοῦ
1422 4199 1585 4258 κατὰ
1630 4194 1797 4258 θεὸν
1840 4189 2098 4255 τελείου.

846 4306 1253 4373 Διδασκαλία
1295 4308 1400 4368 τοῦ
1445 4304 1799 4387 θεοσεβοῖς
1844 4299 2157 4386 α’θλητοῦ.

841 4417 1079 4503 Κλῆσις
1122 4413 1367 4479 ἐθνῶν.

849 4527 1083 4613 Κλῆσις
1125 4525 1348 4589 ἐθνῶν
1388 4544 1499 4585 και
1535 4508 1947 4584 Ἀποστόλων
1984 4517 2323 4603 μαρτυρία.
