3123 5063
1731 376 1812 434 22

615 543 1105 630 Hieronymum,
1184 541 1293 628 qui
1353 542 1610 610 omnino
1676 564 1719 609 a
1774 541 2041 611 Judaeis
2114 540 2381 629 pendet,
2459 541 2559 610 vis
2636 548 2733 609 est
2783 544 2904 611 Ju-

621 652 810 718 daica
830 653 901 739 ¹).

747 762 956 845 Atque
1000 761 1318 827 artissime
1364 780 1509 827 cum
1547 761 1724 827 hisce
1769 761 2101 846 cohaeret,
2172 760 2342 844 quod
2382 761 2453 825 in
2494 758 2719 826 Pesch.
2784 779 2901 824 an-

620 871 1220 957 thropomorphismi
1282 909 1363 918 —
1410 877 1480 936 ut
1519 873 1624 962 ita·
1658 871 1868 937 dicam
1910 909 1996 921 --
2042 871 2640 936 circumscribuntur
2684 874 2749 934 et
2792 889 2903 934 eu-

620 978 956 1063 phemismi
999 979 1409 1063 adhibentur3
1482 999 1602 1046 nec
1646 979 1918 1063 exiguus
1965 984 2176 1045 exstat
2218 999 2361 1045 cum
2404 977 2747 1062 Targumis
2792 997 2902 1044 66-

618 1093 750 1153 1616
778 1090 1127 1175 posteriore
1161 1090 1537 1174 conscriptis
1581 1107 1945 1173 consensus,
1989 1088 2266 1154 maxime
2310 1108 2455 1153 cum
2484 1086 2808 1154 Onkeloso
2825 1086 2902 1174 2).

621 1199 834 1264 Rebus
898 1199 991 1264 ita
1057 1199 1444 1284 comparatis
1511 1197 1747 1284 optimo
1800 1198 1936 1262 iure
1980 1197 2263 1263 locorum
2307 1196 2745 1281 singularium,
2789 1197 2903 1280 qui

622 1307 896 1392 probant
979 1313 1304 1374 auctorem
1363 1306 1828 1390 Christianum,
1916 1305 2227 1370 rationem
2278 1304 2522 1370 nullam
2586 1304 2900 1370 habemus

623 1421 686 1480 et
749 1416 865 1482 hos
929 1422 1152 1502 postea
1224 1437 1266 1482 a
1311 1415 1695 1482 Christianis
1739 1418 2014 1480 mutatos
2061 1433 2201 1479 esse
2246 1414 2595 1480 statuimus.
2682 1415 2898 1479 Tanta

623 1523 880 1608 quidem
948 1526 1018 1591 in
1061 1526 1513 1612 probabilitate
1557 1546 1749 1609 quum
1790 1544 1920 1589 non
1968 1543 2273 1606 queamus
2318 1523 2756 1606 acquiescere,
2815 1525 2898 1588 'ut

622 1634 902 1699 firmiora
936 1633 1021 1699 ad
1054 1635 1488 1718 quaestionem
1520 1633 1980 1701 absolvendam
2023 1653 2470 1718 proponamus
2498 1639 2893 1718 argumenta,

623 1743 810 1809 nobis
854 1749 952 1808 est
993 1743 1356 1809 videndum.
1431 1744 1641 1809 Antea
1684 1763 1856 1826 vero,
1902 1748 2210 1825 quantum
2253 1761 2371 1806 nos
2401 1742 2702 1825 progredi
2745 1743 2890 1807 sinit

624 1857 799 1917 certa
840 1870 1049 1916 rerum
1091 1851 1374 1931 historia,
1417 1853 1679 1935 linguae
1725 1852 2033 1936 Syriacae
2076 1870 2248 1935 usus,
2294 1850 2503 1934 qualis
2547 1850 2757 1936 fuerit,
2796 1855 2888 1916 est

621 1959 1054 2026 illustrandus.
1096 1997 1180 2008 —
1957 1964 1962 1969 ’

753 2067 1097 2151 Postquam
1147 2070 1189 2136 J
1192 2067 1381 2135 udaei
1425 2069 1593 2134 Esra
1658 2069 1821 2135 (11166
1875 2067 2199 2135 redierunt
2255 2069 2325 2134 in
2383 2069 2685 2154 patriam,
2758 2068 2894 2134 sive

623 2176 753 2240 iam
799 2181 994 2242 antea
1051 2176 1570 2244 consuetudinem
1631 2197 1773 2243 cum
1835 2178 2135 2262 gentibus
2180 2178 2516 2243 Aramaeis
2574 2175 2895 2262 quandam

624 2283 982 2350 habuerant
1000 2282 1050 2371 3)
1068 2336 1084 2370 ,
1161 2285 1297 2353 sive
1368 2285 1766 2370 aliquamdiu
1838 2286 1906 2350 in
1965 2286 2329 2370 Babylonia
2404 2291 2586 2350 erant
2645 2285 2895 2370 morati,

627 2393 940 2460 dialetcus
984 2394 1305 2460 Aramaea
1346 2396 1785 2462 Palaestinam
1848 2395 2102 2480 irrepsit
2166 2401 2229 2460 et
2293 2396 2501 2479 magis
2565 2395 2898 2479 magisque

628 2519 982 2567 sermonem
1047 2501 1323 2586 patrium
1390 2501 1469 2567 de
1533 2500 1674 2567 loco
1737 2500 2016 2567 demovit
2031 2499 2086 2586 4)
2161 2500 2524 2569 Accedebat
2565 2499 2735 2586 quod
2779 2501 2898 2568 sub

627 2609 1106 2677 Seleucidarum
1135 2610 1438 2694 auspiciis
1481 2610 1798 2676 Graecum
1844 2630 2093 2693 quoque
2135 2610 2377 2677 idioma
2421 2612 2578 2677 fines
2621 2610 2897 2678 Judaeo-

625 2740 765 2785 rum
833 2720 1101 2785 transiit.
1187 2719 1327 2785 Hoc
1374 2717 1665 2804 quidem,
1732 2725 2069 2803 postquam
2117 2719 2493 2785 Maccabaei
2536 2721 2899 2806 superiores

627 2827 1066 2913 discesserant,
1097 2847 1314 2894 rursus
1359 2828 1822 2912 reprimebatur
1837 2826 1910 2913 ⁵),
1955 2839 2170 2893 tamen
2206 2829 2533 2894 colebatur
2575 2830 2659 2896 ab
2698 2829 2898 2895 homi-

624 2935 815 3000 nibus
835 2934 1130 3020 eruditis,
1160 2937 1481 3001 Aramaea
1526 2941 1741 3001 autem
1785 2936 2009 3023 lingua
2052 2937 2121 3000 in
2166 2935 2303 3002 dies
2346 2938 2556 3021 magis
2600 2939 2899 3019 accrevit,

623 3048 1068 3125 postremoque
1137 3042 1317 3125 vulgi
1381 3042 1587 3108 evasit
1653 3061 1877 3106 serm0.
1984 3042 2086 3106 Ita
2128 3062 2246 3107 res
2291 3062 2360 3107 se
2404 3042 2630 3109 habuit
2672 3046 2705 3109 I
2748 3051 2901 3110 ante

625 3149 740 3214 Ch.
781 3172 842 3215 n.
883 3148 1172 3233 saecu103
1222 3156 1389 3216 certe
1434 3149 1606 3215 circa
1632 3150 1872 3215 Christi
1914 3155 2193 3215 aetatem
2226 3151 2553 3229 Aramaea,
2590 3152 2900 3221 dialectus

623 3259 692 3323 in
733 3257 1104 3325 Palaestina
1148 3266 1286 3326 erat
1322 3260 1673 3344 tritissima,
1720 3259 1905 3347 eique
1950 3279 2181 3325 nomen
2220 3260 2578 3327 Hebraicae
2623 3262 2737 3349 (sc.
2780 3263 2900 3329 lin-

758 3555 823 3642 1)
870 3563 956 3623 Of.
1013 3562 1227 3623 Moritz
1286 3562 1573 3637 Rahmer,
1639 3562 1732 3621 die
1789 3559 2168 3620 hebraischen
2226 3559 2608 3619 Traditionen
2663 3561 2728 3620 in
2787 3563 2902 3622 den

625 3671 883 3731 Werken
940 3672 1041 3731 des
1085 3672 1473 3749 Hyronymus
1535 3672 1645 3731 etc.
1701 3671 1764 3729 in
1810 3669 2143 3730 Frankelii:
2181 3648 2664 3731 ⁴Monatsschrift
2711 3672 2901 3749 1865,

627 3800 763 3858 pag.
810 3780 932 3839 218
978 3780 1039 3839 ff.

753 3886 818 3965 2)
861 3888 1145 3965 Exempla
1197 3889 1452 3965 reperies
1511 3890 1670 3965 apud
1712 3888 1929 3948 PerleS.
1974 3906 2113 3965 pag.
2162 3887 2241 3946 18
2290 3906 2450 3964 seqq.
2497 3891 2557 3949 et
2607 3890 2685 3949 28
2734 3909 2908 3969 seqq.

752 3995 816 4070 3)
862 3995 950 4057 Of.
991 3996 1193 4056 Jesaia
1241 3999 1340 4070 16,
1391 3997 1680 4069 11—133
1724 3995 1785 4055 H
1828 4015 1990 4074 regg.
2039 3996 2140 4069 38,
2189 3996 2289 4056 26.

752 4104 816 4176 4)
864 4104 950 4164 Of.
994 4105 1150 4164 Zunz
1193 4105 1234 4164 l.
1277 4106 1316 4163 1.
1361 4124 1498 4183 pag.
1549 4106 1583 4165 7
1633 4123 1793 4181 seqq.
2005 4127 2010 4132 ·

751 4208 815 4283 5)
860 4209 1197 4271 Maccabaei
1241 4211 1477 4288 quidem
1521 4212 1785 4290 linguam
1829 4212 2163 4272 Hebraeam
2218 4212 2283 4271 in
2347 4212 2662 4289 pristinam
2707 4215 2907 4294 digni-

617 4319 803 4377 tatem
858 4320 1137 4379 volebant
1175 4320 1488 4379 restituere
1506 4365 1520 4393 ,
1584 4339 1732 4396 quae
1789 4340 1884 4380 res
1949 4321 2126 4382 breve
2185 4340 2291 4397 per
2334 4323 2568 4397 tempus
2624 4343 2909 4400 prospere

614 4426 899 4502 processit
941 4426 1041 4505 (cf.
1085 4430 1278 4489 Rosch
1320 4429 1533 4489 hasch.
1570 4429 1744 4502 1810„
1787 4430 2001 4490 Taanit
2053 4432 2130 4491 31
2151 4431 2210 4504 b,
2258 4430 2484 4491 Succah
2534 4432 2689 4506 511),
2737 4433 2817 4494 53
2840 4435 2908 4509 a)

610 4536 785 4597 cessit
828 4556 967 4599 vero
1011 4558 1130 4599 non
1170 4539 1259 4604 ita
1299 4538 1487 4604 multo
1518 4539 1654 4615 post
1688 4536 1960 4598 idiomati
1990 4537 2300 4599 Araman.
2357 4538 2470 4617 (Of.
2500 4540 2687 4601 Sotah
2714 4543 2795 4602 33
2809 4542 2900 4623 6.)
