3123 5063
1445 358 1526 417 27

345 530 439 597 sio
511 529 731 614 aliqua
787 526 1090 613 Syriaca,
1166 531 1357 609 atque
1417 524 1671 590 etiamsi
1743 531 1911 591 esset
1969 526 2252 611 Targum
2311 525 2622 592 Palaesti-

344 660 564 718 nense‚
622 638 764 704 iure
806 642 1024 702 nostro
1069 635 1262 700 etiam
1306 632 1479 719 apud
1524 638 1775 699 exteros
1820 632 2103 701 Judaeos
2144 635 2469 701 versiones
2514 655 2622 701 ex-

343 749 583 815 stitisse
642 747 1182 828 coniectaremus3
1248 764 1399 809 nam
1444 762 1747 829 expresse
1790 750 2041 829 repeto:
2088 744 2143 810 si
2184 745 2623 812 Palaestinen-

346 857 521 923 sibus
581 855 1005 921 translatione
1049 872 1207 938 opus
1253 858 1423 937 erat,
1489 851 1601 917 ubi
1646 870 1853 918 sermo
1897 852 2251 919 Hebraicus
2295 853 2482 919 enixe
2526 852 2623 919 fo-

347 965 650 1049 vebatur,
720 961 1061 1045 studiaque
1107 960 1463 1026 Bibliorum
1509 960 1788 1026 maxime
1830 960 2174 1045 florebant,
2239 962 2443 1028 maior
2486 961 2624 1028 eius

346 1073 441 1140 rei
493 1072 842 1138 necessitas
888 1070 1129 1154 evasit,
1198 1070 1428 1153 quibus
1470 1070 1537 1134 in
1583 1069 1955 1153 regionibus
2000 1071 2229 1136 notitia
2271 1054 2624 1138 litterarum

344 1180 763 1250 Judaicarum
808 1200 1035 1266 parum
1079 1184 1217 1244 erat
1262 1176 1619 1262 divulgata,
1664 1178 1979 1263 paucique
2022 1178 2145 1243 viri
2190 1179 2362 1245 docti
2388 1180 2430 1247 J
2433 1179 2625 1246 udaei

347 1289 1002 1377 deprehendebantur.
1112 1287 1274 1353 Inde
1341 1287 1416 1351 ab
1477 1287 1585 1352 hoc
1646 1293 1912 1368 tempore
1977 1286 2153 1373 (nam
2213 1288 2298 1353 ad
2343 1293 2622 1355 aetatem

349 1400 744 1486 superiorem
786 1397 959 1464 nulla
1004 1417 1122 1463 nos
1169 1394 1405 1462 ducunt
1448 1394 1783 1481 vestigia),
1826 1401 1896 1461 ut
1941 1394 2388 1481 disputationis
2431 1397 2624 1463 finem

348 1527 858 1596 praesumamuS,
926 1508 1137 1573 Versio
1180 1506 1440 1584 Nostra,
1485 1506 1586 1571 cui
1616 1511 1837 1587 postea
1880 1525 2101 1570 nomen
2145 1504 2493 1571 Peschittho
2534 1512 2625 1571 est

351 1619 734 1700 impositum,
777 1623 981 1699 coepta
1025 1623 1115 1682 est
1156 1616 1472 1682 conscribi.
1560 1615 1791 1681 Dubiis
1834 1615 2002 1681 enim
2048 1612 2423 1699 fragmentis
2468 1616 2624 1681 Tar-

352 1727 528 1813 gumi
595 1726 1191 1811 Hierosolymitani,
1268 1725 1438 1808 quod
1503 1725 1898 1811 nominatur,
1965 1724 2049 1791 ad
2119 1725 2622 1791 Pentateuchum

346 1836 763 1923 posthabitis,
808 1834 979 1919 quod
1021 1835 1390 1919 Targumim
1437 1834 1677 1919 omnia,
1725 1854 1889 1917 quae
1934 1835 2241 1920 sciamus,
2287 1855 2366 1900 ex
2411 1840 2623 1900 aetate

343 1947 694 2033 posteriore
755 1944 1106 2029 fluxerunt,
1165 1943 1535 2010 Peschittho
1582 1963 1714 2008 una
1770 1944 1979 2010 versio
2023 1944 2414 2030 relinquitur,
2459 1963 2624 2027 quae

345 2057 535 2122 rebus
607 2055 795 2120 modo
863 2053 1200 2140 descriptis
1243 2053 1447 2139 possit
1492 2058 1918 2139 attemperari.
2027 2055 2324 2120 Nostram
2368 2053 2624 2137 quidem

351 2165 712 2251 opinionem
741 2164 894 2228 licet
922 2163 1063 2229 sola
1105 2162 1430 2247 flagitaret
1474 2182 1681 2227 rerum
1724 2162 2090 2247 necessitas,
2132 2168 2347 2228 tamen
2390 2163 2624 2230 iustum

354 2280 521 2342 esset
549 2295 690 2340 eam
722 2272 1041 2360 amplecti,
1085 2273 1256 2356 quia,
1303 2277 1608 2356 quantum
1632 2277 2023 2357 compertum
2048 2271 2417 2352 habeamus,
2462 2273 2624 2339 nihil

350 2384 711 2468 ceteroquin
778 2388 1115 2469 repugnat.
1233 2381 1412 2446 Infra
1469 2401 1622 2447 vero
1686 2387 2067 2464 argumenta
2132 2382 2472 2448 afferemus
2536 2380 2622 2447 ad

346 2494 517 2562 hanc
582 2493 965 2561 sententiam
1019 2490 1471 2559 stabiliendam
1517 2496 1582 2558 et
1624 2490 1709 2556 ad
1757 2511 1975 2558 omnes
2021 2490 2101 2558 de
2147 2491 2469 2579 Simplicis
2514 2512 2619 2558 ae-

348 2601 479 2670 tate
524 2609 589 2669 et
632 2609 889 2669 auctore
935 2601 1342 2668 difficultates
1388 2600 1843 2687 expediendas.

473 2714 563 2780 Ut
619 2713 805 2778 LXX
857 2712 1129 2797 interpp.
1172 2711 1382 2777 versio
1425 2711 1520 2777 ita
1566 2711 1760 2778 etiam
1801 2711 2023 2777 Pesch.
2068 2731 2111 2776 a
2152 2710 2624 2778 Palaestinensi

344 2821 869 2908 interpretatione
935 2819 1200 2906 pendet,
1268 2819 1437 2904 quod
1480 2821 1716 2887 Judaei
1788 2826 1969 2885 extra
2013 2820 2172 2886 fines
2213 2820 2625 2887 Palaestinae

331 2925 656 2997 *sermonis
700 2930 1005 2995 Hebraici
1067 2935 1131 2994 et
1192 2930 1548 2995 litterarum
1591 2929 2006 3013 Judaicarum
2039 2919 2199 2996 'non
2241 2930 2399 2996 satis
2437 2930 2626 3017 periti

348 3047 412 3108 et
454 3040 522 3105 in
578 3039 768 3107 rebus
815 3038 1050 3104 divinis
1094 3059 1321 3124 parum
1365 3039 1487 3106 sibi
1534 3039 1789 3124 confisi,
1855 3059 2025 3105 nova
2067 3037 2469 3105 introducere
2512 3061 2622 3106 no-

292 3161 295 3164 ’
344 3151 596 3236 lebant,
663 3169 781 3216 nec
846 3147 1273 3234 Synhedrium
1317 3148 1974 3232 Hierosolymitanum
2040 3148 2369 3215 consulere
2431 3148 2622 3214 inter-

344 3260 686 3325 mittebant
708 3258 778 3345 1).
883 3259 1023 3324 Hoc
1090 3265 1503 3343 momentum,
1572 3258 1740 3341 quod
1793 3278 1990 3324 unum
2035 3257 2270 3323 fabulis
2317 3257 2397 3323 de
2439 3259 2623 3325 LXX

344 3368 615 3453 interpp.
677 3366 990 3433 versionis
1061 3366 1309 3451 origine
1375 3365 1652 3432 narratis
1718 3366 1966 3450 subest,
2032 3365 2226 3430 etiam
2271 3364 2359 3430 ad
2400 3367 2621 3433 Pesch.

344 3476 555 3555 valet3
601 3475 799 3563 (quod
830 3496 1046 3543 omnes
1077 3477 1379 3561 Syrorum
1408 3474 1669 3541 fabulae
1715 3495 1908 3561 supra
1952 3473 2254 3542 laudatae
2299 3477 2623 3565 probant)3

346 3607 499 3651 nam
552 3585 814 3652 fabulae
857 3586 1146 3652 homines
1192 3590 1255 3650 et
1297 3590 1587 3671 tempora
1632 3586 1910 3669 eligunt,
1974 3604 2140 3669 quae
2184 3606 2431 3652 summa
2474 3595 2621 3654 sunt

346 3695 726 3762 auctoritate
803 3694 979 3781 apud
1051 3694 1312 3779 vulgum
1329 3692 1399 3779 2).
1509 3694 1720 3780 Supra
1788 3694 1919 3760 iam
1992 3696 2622 3764 commemoravimus

478 3978 540 4056 1)
586 3981 674 4043 Of.
716 3981 852 4042 Act.
899 3983 1000 4057 28,
1048 3984 1150 4044 21.

475 4088 538 4163 2)
584 4090 672 4149 De
716 4109 1000 4168 persona,
1066 4112 1245 4168 quam
1311 4093 1465 4171 gerit
1527 4094 1593 4152 in
1646 4092 1863 4154 fabulis
1923 4094 2209 4170 Syrorum
2268 4096 2502 4157 Salomo
2548 4097 2621 4158 cf.

339 4198 644 4259 Wiseman
685 4200 724 4257 l.
770 4200 811 4258 l.
857 4201 938 4259 97
987 4218 1150 4276 seqq.
1238 4200 1327 4259 De
1387 4201 1629 4280 Abgaro
1693 4202 1765 4261 cf.
1811 4201 2104 4261 Eichhorn
2157 4204 2221 4277 I,
2269 4205 2391 4264 477
2455 4223 2619 4283 seqq.

341 4307 630 4383 Equidem
671 4308 936 4368 fabulam
953 4353 967 4381 ,
1014 4328 1163 4384 quae
1206 4310 1277 4368 de
1319 4309 1563 4388 Abgaro
1606 4310 1815 4385 fertur,
1861 4310 2146 4388 originem
2188 4312 2420 4372 duxisse
2465 4315 2621 4389 apud

345 4414 572 4476 Judaos
633 4416 1114 4488 coniectaverim3
1175 4416 1383 4477 GeneS.
1425 4418 1575 4478 Rab.
1621 4438 1666 4478 c.
1711 4420 1791 4478 46
1837 4418 2087 4495 legitur:
2152 4431 2375 4481 72:³72:
2421 4431 2616 4482 mmm

331 4536 493 4587 ηκ-ιω
554 4520 746 4608 xlma
789 4525 1215 4603 (Ptolomaeus)
1261 4523 1425 4591 subn
1491 4525 1588 4591 bxv
1639 4542 1765 4588 m:
1835 4525 2073 4604 (Izates)
2121 4539 2373 4594 mmm
2420 4525 2609 4618 *5¹:72³
