3123 5063
1307 372 1325 387 ·
1415 357 1457 416 9

300 526 409 594 nia
466 531 702 612 agente
756 525 845 591 ad
902 524 1293 594 ,Iudaeorum
1363 525 1740 609 religionem
1801 541 2178 589 conversum
2197 519 2246 607 ¹)
2320 518 2571 585 misisse

308 635 530 722 „mim
581 635 702 715 μὲν
743 630 852 697 τὸν
893 631 1186 717 α’ριθμὸν
1228 628 1439 708 υἱοὺς,
1483 632 1596 716 τήν
1641 630 1712 693 δὲ
1756 628 2011 714 ἡλικίαν
2054 630 2258 701 νέους,
2304 624 2590 704 γλῶτταν

299 739 413 825 τὴν
454 741 608 822 παρ’
661 737 815 824 ἡμῖν
859 738 1133 820 πάτριον
1170 742 1286 833 ,καὶ
1330 737 1639 801 παιδείαν
1683 735 1962 820 α’κριβῶς
2002 734 2503 819 μαθησυμένους
2519 729 2593 817 ²).

301 847 423 912 His
467 867 608 912 cum
650 846 860 913 verbis
905 846 1323 912 Wichelhaus
1367 844 1729 930 coniungit,
1798 844 1970 928 quod
2012 843 2314 926 Abgarus
2357 839 2427 904 in
2469 838 2591 902 Pa-

305 954 645 1021 laestinam
711 954 911 1040 misit,
979 956 1089 1038 qui
1154 955 1547 1041 Scripturam
1593 954 1859 1021 Sacram
1904 951 2171 1037 Syriace
2233 953 2591 1032 verterent3

304 1063 455 1129 inde
514 1063 615 1130 vir
660 1063 1062 1132 doctissimus
1122 1086 1163 1129 a
1225 1066 1462 1150 legatis
1524 1064 1779 1132 domum
1821 1062 2094 1129 reversis
2141 1060 2200 1148 (I
2240 1080 2407 1126 saec.
2450 1062 2597 1145 post

307 1172 422 1240 Ch.
466 1171 555 1260 n.)
602 1173 874 1258 primum
909 1170 985 1239 V.
1029 1174 1102 1239 T.
1147 1195 1266 1240 nec
1311 1175 1507 1241 multo
1553 1179 1701 1260 post
1729 1172 1899 1239 Novi
1943 1170 2306 1238 versionem
2349 1167 2597 1236 confec-

305 1287 438 1346 tam
495 1300 636 1348 esse
683 1282 1087 1348 coniectavit.
1198 1282 1516 1362 Quoniam
1560 1301 1905 1349 consensus
1947 1279 2385 1346 narrationum
2426 1277 2597 1344 vari-

312 1409 493 1455 arum
563 1390 840 1475 speciem
908 1390 1231 1476 quandam
1296 1393 1434 1458 veri
1496 1411 1654 1479 prae
1696 1412 1765 1457 se
1810 1390 1965 1475 fert,
2031 1411 2161 1456 non
2204 1393 2599 1474 potestesse

306 1497 554 1582 mirum,
597 1497 768 1582 quod
806 1499 1116 1567 Wichelh.
1167 1520 1354 1584 quem
1398 1506 1653 1566 secutus
1699 1505 1797 1565 est
1825 1499 2045 1565 Perles
2064 1496 2138 1584 ⁸),
2184 1497 2349 1563 hanc
2392 1495 2596 1581 opini-

310 1627 498 1673 onem
540 1607 860 1692 laudavit3
907 1616 975 1675 at
1019 1631 1213 1694 quum
1258 1631 1391 1675 rem
1437 1615 1736 1685 accurate
1764 1615 2132 1693 tractamus,
2174 1606 2595 1693 probabilitas

309 1716 519 1800 magis
584 1717 917 1801 magisque
964 1718 1051 1784 ad
1093 1720 1365 1785 nihilum
1431 1719 1689 1803 recidit,
1759 1739 1950 1803 quum
1995 1716 2403 1783 difficultates
2447 1713 2597 1779 inde

309 1831 484 1893 ortas
528 1826 598 1892 in
650 1828 932 1895 animum
976 1829 1336 1915 induxeris,
1380 1852 1532 1896 nam
1560 1830 1727 1896 Mosi
1754 1828 2151 1896 Chorenensi
2193 1827 2354 1893 fides
2397 1845 2598 1910 prope

310 1935 489 2001 nulla
561 1943 658 2003 est
722 1938 1090 2025 tribuenda,
1158 1941 1267 2023 qui
1333 1940 1591 2008 fabulas
1638 1940 1918 2024 undique
1963 1938 2198 2024 petitas
2243 1939 2600 2020 coacervat,

317 2082 394 2091 —
439 2044 545 2110 vel
611 2048 1056 2114 commercium
1121 2049 1536 2134 epistolarum
1585 2049 1751 2114 inter
1794 2049 2128 2132 Abgarum
2173 2051 2236 2111 et
2280 2044 2600 2111 Christum

315 2162 765 2222 commemorat
799 2156 993 2241 idque
1038 2159 1263 2243 quovis
1308 2160 1497 2225 modo
1544 2164 1816 2225 exornat
1859 2182 1980 2242 -ς
2023 2155 2349 2238 multaque
2393 2152 2478 2218 ab
2525 2172 2601 2217 eo

313 2264 621 2349 imprimis
663 2265 731 2329 in
776 2267 1038 2352 Abgaro
1084 2269 1478 2336 commisceri
1521 2269 1663 2355 ipse
1707 2266 2023 2334 Wichelh.
2067 2263 2389 2349 fatetur4),
2436 2282 2601 2348 quae

314 2373 460 2440 aliis
502 2374 905 2461 principibus
925 2380 1349 2447 attribuamus
1384 2400 1648 2447 necesse
1692 2385 1803 2445 est.
1890 2378 2101 2443 Moses
2150 2373 2405 2459 quidem
2433 2372 2600 2464 Cho-

312 2484 598 2551 renensis
666 2487 1102 2556 narrationem
1178 2490 1258 2558 de
1318 2490 1607 2558 Helenae
1674 2489 1966 2575 sepulcro
2042 2507 2124 2553 ex
2182 2485 2465 2572 Josepho
2533 2503 2603 2551 se

311 2594 660 2680 sumpsisse
712 2596 852 2681 ipse
904 2597 1140 2666 fatetur
1160 2597 1245 2684 ⁵),
1299 2620 1679 2666 consensum
1736 2599 1935 2684 igitur
1993 2618 2205 2663 rerum
2263 2595 2368 2660 hic
2419 2592 2605 2680 parvi

451 2903 516 2982 1)
563 2906 706 2968 ibid.
754 2909 810 2983 2,
858 2910 917 2970 4.

447 3012 512 3092 2)
554 3015 698 3077 ibid.
746 3017 804 3093 3,
853 3021 912 3080 3.

448 3120 515 3200 3)
557 3145 678 3204 pag
725 3129 761 3188 6
808 3146 971 3205 seqq.
1060 3129 1158 3188 Ita
1202 3129 1440 3205 quidem
1484 3130 1683 3189 Perles
1729 3149 1766 3189 a
1811 3128 2247 3189 Wichelhausio
2293 3128 2608 3204 discrepat,

315 3232 385 3291 ut
442 3251 479 3291 a
535 3233 748 3312 legatis
810 3237 874 3296 in
933 3238 1272 3299 Palaestina
1317 3230 1459 3316 'ipsa
1505 3240 1565 3300 S.
1613 3240 1674 3300 S.
1722 3240 1962 3316 Syriaco
2025 3240 2172 3301 velit
2230 3240 2608 3300 translatam.

317 3338 612 3416 Josephus
668 3344 903 3418 quidem
969 3349 1029 3406 et
1074 3347 1280 3408 Genes.
1326 3348 1516 3408 Rabb.
1579 3348 1654 3425 (c.
1694 3349 1797 3409 46.
1842 3347 1915 3408 cf.
1960 3349 2117 3409 infra
2159 3369 2217 3425 p.
2265 3349 2347 3408 54
2369 3343 2417 3425 ¹)
2459 3348 2610 3407 refe-

320 3452 462 3509 runt
501 3451 577 3510 ab
621 3452 903 3515 Eleasaro
947 3456 1170 3516 Izatem
1236 3459 1296 3518 et
1337 3458 1728 3519 Monobazum
1785 3457 2007 3518 fratres
2052 3458 2442 3535 deprehensos
2487 3476 2612 3517 esse

318 3559 783 3621 Pentateuchum
827 3564 1109 3643 legentes.
1155 3565 1441 3626 Wichelh.
1485 3567 1557 3626 de
1602 3555 1869 3628 versione
1911 3566 2136 3627 Graeca
2177 3566 2423 3645 cogitat,
2468 3566 2612 3625 Per-

319 3669 405 3728 les
452 3669 523 3727 de
568 3671 813 3746 Syriaca
855 3675 1029 3735 modo
1075 3675 1375 3748 absoluta;
1420 3677 1565 3736 haec
1608 3677 1844 3754 quidem
1888 3677 2187 3737 sententia
2230 3677 2395 3736 nulla
2436 3675 2612 3735 modo

322 3779 481 3838 stare
534 3781 750 3855 potest.
840 3783 998 3843 Nam
1055 3785 1096 3843 J
1098 3786 1315 3862 osepho
1373 3791 1434 3845 et
1488 3786 1696 3847 GeneS.
1741 3786 1932 3847 Rabb.
1994 3786 2330 3846 auctoribus
2349 3831 2363 3858 ‚
2431 3805 2613 3861 quum

320 3889 789 3952 Pentateuchum
830 3893 1092 3972 legisset,
1136 3892 1338 3955 Izatae
1381 3894 1542 3957 facta
1587 3898 1678 3955 est
1720 3895 2097 3969 circumcisio,
2143 3897 2203 3954 et
2245 3894 2435 3954 multo
2477 3897 2614 3970 post

321 3997 420 4057 ille
451 3999 708 4078 quinque
738 4003 888 4063 filios
916 4004 1333 4082 Hierosolyma
1361 4005 1674 4084 delegavit.
1753 4006 1953 4083 Atque
1980 4025 2113 4065 cum
2135 4005 2245 4065 hac
2272 4024 2336 4064 re
2382 4004 2432 4064 si
2476 4023 2614 4065 con-

322 4108 519 4187 iungis
564 4110 857 4189 Simplicis
901 4114 1228 4175 versionem
1289 4115 1624 4175 absolutam
1642 4161 1657 4190 ‚
1714 4116 1904 4177 Izates
1962 4134 2081 4176 non
2124 4115 2303 4175 antea
2346 4115 2500 4174 hunc
2540 4114 2615 4173 li-

324 4218 500 4278 brum
542 4219 756 4299 legisse
801 4225 893 4282 est
936 4224 1257 4300 putandus

460 4325 528 4405 4)
570 4329 610 4388 1.
657 4330 697 4390 l.
742 4351 880 4409 pag.
928 4332 1074 4393 101.

462 4433 543 4513 5)
573 4436 759 4499 Moise
805 4440 876 4499 de
920 4439 1225 4514 Khorene,
1273 4443 1483 4503 auteur
1528 4442 1609 4501 du
1652 4440 1709 4499 V
1753 4440 1942 4515 siecle,
1987 4441 2234 4501 histoire
2278 4436 2617 4500 d’Armenie

323 4543 463 4602 cett.
505 4563 614 4620 par
656 4545 727 4606 P.
764 4545 836 4607 E.
880 4546 962 4605 Le
1007 4546 1275 4609 Vaillant
1318 4549 1390 4608 de
1433 4546 1712 4621 Florival,
1759 4547 1948 4622 Paris,
1992 4549 2041 4621 Ι,
2088 4547 2234 4607 235.
