3123 5063
1603 290 1642 352 2

486 456 798 547 Credner,
827 460 1047 527 Hirzel
1091 459 1380 546 singulos
1415 459 1736 545 Simplicis
1766 461 1966 529 libros
2012 463 2366 547 attigerunt
2410 466 2780 552 passimque

482 569 700 636 varias
773 570 1081 637 lectiones
1157 591 1198 635 a
1258 575 1439 635 textu
1499 569 1940 656 discrepantes
2004 572 2390 658 attulerunt3
2447 575 2779 641 Wiseman

485 699 637 746 vero
673 680 751 745 de
774 680 849 745 V.
880 680 954 745 T.
984 678 1351 745 Peschittho
1394 678 1630 744 multas
1672 700 2002 764 novasque
2048 701 2150 746 res
2195 683 2458 767 protulit
2504 686 2779 770 copiose,

486 809 606 856 nec
636 810 747 855 eas
776 790 913 875 ipse
945 790 1103 854 satis
1135 794 1231 853 est
1260 795 1648 873 persecutus,
1738 789 2149 856 Wichelhaus
2182 792 2436 874 quidem
2484 795 2552 859 in
2592 795 2778 881 libro,

485 899 595 982 qui
636 898 1032 964 inscribitur:
1088 898 1226 985 „De
1252 897 1420 963 Novi
1446 898 1843 967 Testamenti
1886 900 2180 965 versione
2235 901 2547 986 Syriaca“
2598 924 2777 968 occa-

484 1007 664 1073 sione
731 1007 885 1072 data
947 1007 1144 1072 etiam
1205 1005 1284 1071 de
1345 1006 1418 1071 V.
1461 1007 1534 1070 T.
1596 1006 1749 1071 fecit
1806 1008 2022 1074 verba.
2110 1011 2443 1095 Rapoport
2503 1011 2776 1096 demum,

483 1122 631 1202 post
708 1136 977 1200 eumque
1043 1115 1263 1181 Perles
1337 1115 1405 1180 in
1491 1116 1949 1202 „Meletematis
2006 1119 2629 1187 Peschitthonianis“
2707 1122 2777 1186 in

482 1224 852 1312 Simplicem
923 1231 1216 1292 accurate
1272 1223 1741 1307 inquisiverunt
1799 1226 2062 1310 eiusque
2117 1228 2430 1294 rationem
2473 1231 2779 1315 explana-

482 1341 727 1402 verunt.
824 1334 994 1415 Quid
1035 1334 1333 1401 Halacha
1397 1339 1459 1399 et
1502 1335 1785 1418 Hagada
1847 1355 2041 1418 quum
2097 1342 2234 1402 tota
2293 1339 2587 1404 versione
2643 1346 2777 1406 tum

479 1445 550 1510 in
608 1445 1043 1511 Pentateucho
1097 1445 1373 1528 valeret,
1435 1443 1897 1510 demonstravit
1955 1443 2131 1510 haud
2190 1447 2491 1530 ambigue
2535 1448 2774 1533 PerleS‚

483 1557 548 1618 et
590 1553 959 1639 Simplicem
1000 1554 1301 1619 Nostram
1362 1572 1404 1617 a
1463 1551 1724 1618 Iudaeis
1778 1554 2194 1638 compositam
2255 1555 2475 1621 voluit.
2578 1558 2774 1622 Illam

483 1662 742 1747 quidem
769 1662 1150 1731 sententiam
1179 1661 1304 1727 viri
1335 1660 1508 1726 docti
1551 1661 1923 1746 plerumque
1968 1662 2429 1747 laudaverunt3
2475 1665 2577 1730 cui
2622 1687 2774 1732 vero

481 1772 781 1857 religioni
833 1770 1058 1837 Pesch.
1155 1775 1380 1835 auctor
1433 1769 1625 1835 fuerit
1683 1769 2013 1855 addictus,
2076 1793 2317 1855 magna
2375 1773 2544 1840 inter
2599 1775 2772 1842 viros

484 1882 706 1948 doctos
761 1886 1054 1946 versatur
1119 1879 1451 1945 dissensio.
1537 1879 1891 1965 Praecipue
1934 1881 2269 1946 Noeldeke
2314 1883 2547 1968 multa,
2608 1905 2774 1968 quae

482 1991 853 2076 scriptorem
909 1989 1343 2055 Christianum
1400 1988 1707 2073 probent,
1777 1989 2058 2073 protulit.
2176 1991 2521 2057 Praeterea
2583 2013 2775 2076 quum

481 2100 720 2166 multae
764 2097 1084 2183 supersint
1128 2096 1541 2162 difficultates
1587 2096 1780 2160 etiam
1826 2095 1905 2161 de
1933 2097 2260 2183 Simplicis
2307 2105 2519 2179 aetate,
2564 2099 2768 2166 fusius

484 2207 869 2290 uberiusque
906 2206 1030 2270 hac
1059 2203 1139 2270 de
1176 2204 1548 2287 quaestione
1579 2203 1673 2268 ita
1720 2203 2034 2270 disserere
2080 2205 2147 2270 in
2190 2206 2473 2272 animum
2518 2207 2771 2274 induxi-

477 2339 642 2404 mm,
686 2325 756 2384 ut
798 2323 1076 2398 tempora
1106 2321 1171 2379 et
1212 2315 1522 2379 rationem
1564 2335 1692 2398 qua
1735 2314 1957 2382 Pesch.
2045 2317 2425 2401 processerit
2472 2353 2555 2365 —-
2602 2317 2773 2402 quod

483 2431 872 2494 momentum
925 2423 1137 2490 adhuc
1181 2422 1375 2509 plane
1421 2428 1517 2489 est
1560 2423 1923 2507 neglectum
1974 2436 2058 2473 —‘
2099 2424 2486 2490 illustremus
2533 2442 2770 2507 easque

485 2559 588 2606 res
632 2536 1036 2623 potissimum
1080 2533 1518 2619 respiciamus.

613 2647 782 2727 Quia
811 2650 1025 2711 autem
1052 2642 1297 2720 Psalmi
1326 2643 1396 2706 in
1421 2642 1715 2718 versione
1759 2644 1975 2704 nostra
2020 2636 2213 2718 vulgo
2260 2640 2455 2701 testes
2502 2637 2771 2721 originis

485 2758 892 2827 Christianae
917 2753 1326 2842 proferuntur
1352 2757 1416 2816 et
1448 2772 1489 2815 a
1512 2748 1796 2814 Perlesio
1828 2746 2083 2811 omnino
2129 2751 2277 2810 sunt
2318 2748 2774 2833 praetermissi,

483 2867 834 2954 singularis
893 2864 973 2930 de
1017 2862 1296 2929 Psalmis
1347 2856 1816 2942 argumentatio
1865 2854 2228 2937 generalem
2277 2855 2356 2920 de
2402 2856 2772 2921 Peschittho

485 2976 984 3067 disputationem
1035 2970 1330 3056 excipiet.

486 3221 761 3285 obiicitur
818 3215 1133 3296 Targumis
1199 3207 1697 3291 paraphrasticis;
1762 3204 1936 3264 huius
1996 3202 2289 3279 opinionis
2334 3208 2689 3284 argumenta
2743 3224 2775 3265 e

485 3336 889 3417 disputatione
913 3334 1050 3410 ipsa
1075 3328 1539 3407 suppeditabunt
1567 3322 1680 3402 (Cf.
1726 3320 2173 3398 explicationem
2202 3321 2454 3382 nominis
2503 3316 2776 3400 lugu-2

486 3474 610 3537 sive
657 3427 914 3537 3354?
944 3467 1105 3546 apud
1146 3459 1701 3538 Abul-Pharagium
1743 3455 1901 3516 infra
1942 3474 2080 3533 pag.
2132 3450 2219 3534 9).
