3123 5063
308 256 345 299 ο

1378 325 1457 387 15

278 462 629 601 (gs-nabo)
683 489 1001 576 appellari
1022 488 1090 576 ¹).
1179 491 1328 557 Jam
1372 512 1569 574 supra
1618 510 1923 576 errorem,
1967 492 2036 557 in
2079 512 2266 577 quem
2311 492 2418 559 isti
2461 493 2561 559 in-

271 636 628 714 currerunt,
691 629 1047 694 illustrasse
1091 628 1279 693 nobis
1325 630 1636 694 videmur.
1748 629 1877 695 Sed
1924 651 2115 714 quum
2159 632 2559 717 Ephraemus

277 762 395 806 nec
437 739 748 804 sermonis
793 736 1096 802 Hebraici
1142 758 1259 801 nec
1307 737 1536 803 Graeci
1587 744 1754 803 esset
1798 739 2066 824 peritus,
2120 761 2237 806 nec
2281 741 2568 824 alioquin

277 854 603 915 exstarent
648 847 977 912 versiones
1024 847 1368 931 Syriacae,
1424 846 1700 913 debebat
1745 849 2138 916 solummodo
2184 850 2365 934 sequi
2410 852 2572 917 Sim-

277 958 542 1042 piicem,
609 975 728 1021 nec
772 955 924 1020 inde
970 962 1179 1040 potest
1224 956 1458 1040 colligi,
1504 955 1728 1021 Pesch.
1774 964 1907 1022 tum
1952 959 2329 1025 auctoritate
2374 958 2573 1026 fuisse

281 1067 610 1132 canonica.
718 1064 1019 1129 Ceterum
1063 1064 1397 1147 quominus
1442 1064 1812 1150 Simplicem
1854 1066 2047 1150 longe
2094 1075 2242 1133 ante
2288 1069 2572 1153 Ephrae-

279 1196 451 1240 mum
499 1195 640 1240 esse
686 1175 1138 1259 pervulgatam
1183 1173 1638 1258 concedamus,
1685 1176 1969 1260 impedit,
2017 1177 2187 1260 quod
2231 1179 2571 1244 multorum
2659 1217 2666 1233 ·

150 1321 158 1329 ·
277 1286 617 1350 verborum
663 1285 762 1348 vis
808 1303 950 1350 eum
996 1282 1195 1367 fugit3
1243 1284 1413 1367 quod
1459 1284 1565 1367 qui
1610 1283 1760 1349 fieri
1804 1287 2029 1371 potuit,
2078 1287 2389 1370 siquidem
2433 1309 2569 1354 ver·

281 1395 378 1459 sio
439 1415 481 1458 a
526 1393 909 1458 Christianis
955 1392 1129 1457 facta
1174 1394 1496 1477 vulgoque
1541 1399 1802 1479 recepta
1846 1415 2045 1478 usque
2092 1396 2176 1460 ad
2221 1397 2571 1482 Ephraemi

283 1508 567 1569 aetatem
632 1502 700 1566 in
767 1502 1034 1567 ecclesia
1099 1502 1358 1568 floruit?
1470 1503 1659 1569 Unde
1727 1524 1878 1570 vero
1926 1511 2022 1571 est
2081 1506 2571 1593 expediendum,

286 1612 462 1696 quod
526 1617 739 1697 patres
805 1613 1253 1696 ecclesiastici,
1322 1614 1429 1697 qui
1498 1634 1639 1678 eam
1689 1614 2009 1681 debebant
2053 1617 2338 1701 novisse,
2404 1619 2460 1683 si
2504 1618 2573 1684 in

286 1721 479 1805 Syria
538 1721 729 1804 longe
797 1721 1049 1804 lateque
1119 1721 1355 1787 diffusa
1422 1722 1574 1807 fuit,
1645 1745 1789 1790 raro
1855 1725 2228 1791 Versionem
2270 1728 2573 1793 Nostram

280 1830 564 1915 laudant,
613 1830 783 1914 quod
826 1851 1032 1914 neque
1079 1831 1390 1915 Origenes
1437 1854 1642 1916 neque
1687 1835 2149 1919 Hieronymus,
2206 1836 2313 1919 qui
2357 1835 2574 1920 singu·

278 1941 403 2005 lari
469 1961 611 2006 cum
683 1939 1000 2006 industria
1067 1922 1390 2007 versiones
1458 1942 1571 2007 illa
1640 1950 1854 2009 aetate
1921 1950 2106 2010 notas
2169 1946 2576 2033 colligebant,

281 2051 649 2134 Simplicem
683 2049 858 2135 apud
887 2050 1087 2134 Syros
1125 2051 1525 2117 tritissimam
1572 2073 1778 2137 paene
1823 2054 2075 2119 silentio
2122 2057 2577 2138 praetereunt?

283 2161 493 2243 Atque
539 2181 730 2243 quum
775 2179 876 2224 res
922 2160 1079 2223 mibi
1123 2161 1419 2225 videatur
1463 2161 1723 2226 minime
1770 2168 1959 2246 stare,
2007 2164 2392 2229 contrariam
2437 2165 2577 2229 lau-

289 2268 576 2334 daverim
621 2269 1032 2352 sententiam,
1094 2270 1455 2336 testimonio
1500 2270 1608 2335 Al·
1641 2270 1993 2357 Takritii2)
2039 2272 2337 2339 insistens
2395 2275 2576 2340 cuius

286 2381 486 2445 verba
508 2379 599 2444 ita
621 2378 919 2461 leguntur
943 2403 956 2442 ε
980 2409 1083 2482 0³²
1103 2396 1255 2484 ἅμα,
1277 2380 1505 2473 33542512
1536 2384 1760 2455 affixam
1788 2381 1995 2464 „255³
2029 2387 2142 2472 ψεῖ
2158 2385 2373 2478 „2232ss
2397 2387 2448 2465 3
2477 2388 2572 2479 0ss

286 2484 338 2573 8)
365 2492 513 2582 &5⁵⁵
561 2502 631 2579 ,u
679 2488 831 2553 odi>
884 2485 1132 2572 „Antea
1167 2483 1242 2548 V.
1288 2484 1361 2547 T.
1406 2482 1553 2547 libri
1592 2483 1908 2549 Hebraice
1940 2483 2338 2568 legebantur,
2384 2506 2573 2570 quam

282 2611 415 2655 rem
480 2591 624 2655 Mar
668 2591 1069 2676 Ephraemus
1130 2587 1515 2675 prohibuit“.
1623 2590 1855 2655 Noster
1922 2590 2178 2673 quidem
2241 2593 2422 2657 locus
2486 2592 2578 2658 di-

289 2699 515 2764 stincte
577 2699 936 2784 significat,
1004 2700 1374 2785 Simplicem
1420 2703 1621 2781 usqne
1666 2699 1752 2763 ad
1796 2699 2145 2784 Ephracmi
2188 2707 2464 2766 aetatem
2507 2702 2576 2767 in

291 2810 598 2875 ecclesiae
623 2808 931 2893 Syriacae
977 2829 1093 2874 usu
1140 2831 1269 2874 non
1313 2808 1511 2874 fuisse
1537 2809 1609 2895 4).
1671 2808 1800 2874 Sed
1832 2814 1900 2873 ut
1929 2808 2095 2873 hanc
2141 2812 2577 2892 quaestionem

419 3080 482 3156 1)
528 3080 728 3153 Bleek,
774 3078 1120 3155 Einleitung
1161 3077 1225 3136 in
1271 3079 1377 3137 das
1408 3077 1481 3136 A.
1529 3078 1872 3138 Testament
1906 3078 2068 3137 1870
2117 3096 2176 3152 p.
2208 3078 2352 3150 807,
2399 3076 2579 3138 Noel-

284 3191 431 3251 deke
460 3190 500 3248 l.
528 3191 568 3249 1.
617 3189 759 3260 262,
804 3187 1086 3248 Gesenius
1125 3186 1165 3246 l.
1198 3187 1238 3245 l.
1287 3187 1387 3259 86,
1433 3187 1794 3260 Haevernik,
1842 3185 2206 3263 Allgemeine
2237 3185 2580 3265 Einleitung

281 3302 346 3360 in
392 3275 502 3358 aas
545 3298 621 3357 A.
664 3298 729 3355 T.
775 3297 862 3355 ed.
910 3296 1045 3354 Keil
1088 3315 1223 3373 pag.
1271 3297 1415 3368 403,
1463 3296 1583 3355 ani.

419 3406 484 3486 2)
515 3381 618 3468 of.
663 3407 1002 3483 Hottinger‚
1048 3405 1204 3464 Bibl.
1251 3404 1480 3464 orient.
1527 3424 1666 3482 pag.
1715 3405 1794 3463 87
1843 3422 2006 3479 seqq.

376 3517 441 3592 3)
489 3517 665 3593 Apud
724 3516 834 3575 Ed.
879 3514 1263 3575 Pocockium:
1335 3514 1811 3575 Commentarius
1863 3513 1927 3571 in
1977 3514 2353 3590 prophetiam
2396 3512 2581 3573 Joelis

285 3628 551 3706 (Lipsiae
600 3625 818 3701 1695),
862 3624 1049 3702 praef.
1088 3644 1224 3702 pag.
1273 3625 1331 3683 4.

420 3736 485 3811 4)
529 3737 731 3797 Verba
784 3754 925 3797 vero
967 3734 1228 3794 Takritii
1283 3735 1422 3793 ante
1467 3733 1648 3808 Ephr.
1709 3732 1773 3790 in
1833 3733 2075 3792 ecclesia
2116 3732 2417 3792 Edessena
2465 3730 2582 3789 lin-

284 3868 465 3930 guam
507 3847 866 3908 Hebraicam
909 3864 1035 3905 esse
1077 3845 1427 3920 usurpatam
1471 3843 1711 3915 docent,
1760 3861 1909 3918 quae
1952 3861 2047 3902 res
2092 3841 2289 3901 animo
2332 3859 2585 3917 perpen-

287 3960 473 4033 denti,
516 3958 685 4017 illum
731 3973 1059 4016 sermonem
1104 3975 1140 4015 a
1169 3951 1542 4024 ChristianiS,
1591 3951 1693 4026 qui
1733 3954 1863 4011 tum
1910 3953 2098 4025 erant,
2144 3970 2357 4027 parum
2400 3949 2577 4009 intel-

284 4072 536 4146 lectum,
602 4090 783 4147 quam
841 4088 956 4145 quo
1023 4067 1335 4125 uterentur
1379 4063 1443 4121 in
1487 4060 1685 4121 Libris
1732 4063 1927 4123 Sacris
1971 4061 2291 4121 recitandis
2309 4106 2324 4135 ,
2390 4059 2582 4137 primo

287 4185 535 4258 aspectu
580 4180 761 4240 dubia
804 4179 1003 4255 potest
1044 4176 1253 4238 videri.
1339 4172 1542 4232 Nihilo
1589 4173 1777 4233 secius
1810 4173 1972 4232 locus
2018 4174 2221 4232 noster
2261 4172 2450 4229 lucem
2495 4169 2584 4230 af-

284 4292 410 4351 fert
453 4290 772 4367 plurimam
817 4285 1056 4364 caligini
1114 4283 1518 4360 tenebrisque,
1591 4283 1805 4360 quib‘us
1871 4282 2060 4343 adhuc
2102 4281 2312 4341 Versio
2356 4280 2586 4339 Nostra

299 4401 519 4462 obruta
560 4401 709 4460 erat.
797 4397 887 4457 De
928 4394 1190 4456 Takritii
1244 4393 1439 4456 verbis
1494 4392 1654 4454 infra
1712 4392 1950 4452 uberius
2009 4391 2180 4451 nobis
2225 4390 2339 4449 erit
2382 4388 2585 4468 dispu-

222 4537 227 4541 ·
292 4511 563 4573 tandum.
