3123 5063
1679 321 1759 382 26

585 488 894 575 proselyti
913 541 932 576 ,
995 490 1103 575 qui
1149 490 1404 557 omnino
1472 476 1737 576 linguae
1780 490 2140 557 Hebraicae
2185 495 2368 557 erant
2413 490 2690 578 imperiti
2711 538 2737 576 Υ
2795 496 2861 558 et

584 596 958 684 interpretes
1036 599 1161 686 ipsi
1246 600 1552 666 deberent
1631 620 1918 665 normam
1993 599 2316 683 quandam
2379 599 2717 667 observare
2791 599 2863 666 in
2891 624 2908 635 ·

587 708 984 795 explicandis
1044 709 1254 776 Libris
1312 710 1543 776 sacris:
1614 709 1777 776 haec
1820 709 2034 776 omnia
2078 730 2195 776 nos
2242 715 2656 795 commovent,
2701 709 2863 775 Ara-

585 838 806 885 maeas
842 818 979 885 sive
1009 819 1313 904 Syriacas
1338 819 1693 886 Bibliorum
1736 819 2187 886 translationes
2231 825 2529 887 statuere.
2616 818 2864 906 Adiice,

587 928 759 1014 quod
821 929 1193 1014 Targumim
1256 929 1772 996 Palaestinensia
1851 928 2080 996 litteris
2154 930 2522 1013 consignari
2596 930 2865 995 vetitum

586 1045 742 1124 erat,
787 1060 869 1106 ne
900 1038 1126 1105 eadem
1159 1038 1474 1124 dignitate
1509 1039 1882 1124 fruerentur,
1914 1059 2041 1123 qua
2084 1038 2411 1125 exemplar
2438 1038 2862 1124 Hebraicum3

586 1148 757 1233 quod
800 1147 1211 1215 interdictum
1257 1150 1511 1215 etiamsi
1556 1170 1687 1216 non
1732 1148 1842 1214 diu
1863 1148 1945 1235 ¹),
2012 1155 2227 1215 tamen
2267 1148 2451 1214 initio
2495 1146 2729 1234 valuit,
2782 1169 2862 1216 ac

585 1258 835 1325 demum
915 1260 1095 1326 brevi
1173 1265 1323 1325 ante
1388 1264 1594 1326 ortum
1663 1257 2068 1325 Christianae
2133 1257 2441 1325 ecclesiae
2506 1258 2865 1344 perscripta

585 1368 783 1435 fuisse
858 1368 1231 1454 Targumim
1314 1369 1679 1435 existimare
1743 1369 1926 1454 licet,
1984 1375 2167 1435 extra
2233 1388 2383 1435 vero
2449 1367 2864 1434 Palaestinae

582 1477 743 1544 fines
800 1478 932 1544 iam
983 1479 1178 1544 multo
1223 1483 1376 1545 ante
1419 1477 1596 1545 haud
1642 1478 1944 1563 ambigue
1988 1478 2314 1544 versiones
2359 1477 2864 1564 perhibenantur

586 1586 796 1675 (testis
861 1593 958 1654 est
1021 1589 1206 1653 LXX
1270 1589 1538 1674 interpp.
1585 1588 1841 1674 versio).
1928 1589 2070 1668 Qua
2141 1588 2208 1653 in
2252 1587 2625 1672 quaestione
2667 1586 2865 1653 etiam

582 1697 897 1765 versionis
939 1697 1298 1762 Aramaeae
1343 1697 1541 1763 multo
1609 1697 1972 1764 vetustioris
2033 1697 2197 1763 ratio
2244 1703 2340 1762 est
2382 1695 2717 1781 habenda,
2781 1694 2860 1760 de

586 1827 713 1891 qua
786 1805 959 1892 apud
1002 1805 1181 1871 LXX
1249 1805 1522 1891 interpp.
1596 1806 1717 1872 hoc
1763 1806 2054 1872 scholion
2098 1806 2183 1873 ad
2229 1806 2380 1873 Jobi
2424 1806 2657 1872 librum
2702 1810 2852 1870 extr.

586 1921 829 1983 exstat:
887 1910 1068 1989 οὗτος
1113 1913 1519 1999 ἑρμηνεύεται
1563 1914 1633 1978 ἐκ
1682 1918 1787 2000 τῆς
1830 1914 2149 2001 Συριακῆς
2192 1915 2417 1994 βίβλου
2462 1914 2589 1980 κτλ.
2682 1916 2858 1995 Quae

585 2027 788 2093 verba
831 2026 916 2092 ad
961 2031 1238 2093 aetatem
1266 2032 1549 2093 veterem
1592 2027 1927 2113 pertinent,
1974 2027 2124 2110 quia
2166 2026 2299 2092 iam
2343 2025 2518 2111 apud
2545 2025 2865 2091 Aristeam

585 2141 649 2201 et
683 2134 1117 2201 Aristobulum
1143 2134 1489 2201 laudantur
1508 2134 1580 2222 2).
1670 2135 1820 2202 Fuit
1846 2136 2044 2220 igitur
2088 2155 2255 2202 saec.
2282 2135 2349 2199 ΙΙ
2382 2156 2439 2201 3.
2484 2135 2599 2201 Oh.
2620 2156 2681 2201 n.
2727 2154 2865 2200 vcr-

582 2333 786 2393 lebant
829 2332 893 2391 in
936 2332 1239 2411 Aegypto,
1285 2334 1509 2409 Cyrene
1556 2334 1654 2411 (cf.
1698 2334 1825 2395 JOS.
1869 2334 2095 2411 antiqq.
2140 2330 2302 2407 XIV,
2354 2335 2410 2407 7,
2458 2330 2522 2408 2)
2563 2333 2627 2392 in
2672 2332 2867 2409 Syria,
2974 2381 2981 2387 .

585 2442 804 2516 Cilicia,
851 2443 1297 2518 Mesopotamia,
1343 2444 1486 2520 quin
1534 2445 1716 2505 etiam
1760 2445 1928 2504 trans
1970 2444 2334 2520 Euphratem
2380 2444 2445 2519 in
2479 2442 2763 2503 Armenia
2808 2444 2869 2502 et

583 2551 780 2612 Media
817 2551 1072 2629 vestigia
1127 2556 1448 2628 posuerant
1493 2555 1591 2632 (cf.
1638 2556 1877 2631 Joseph.
1922 2556 2057 2615 bell.
2098 2553 2239 2613 Jud.
2284 2554 2365 2627 II,
2414 2553 2514 2627 16,
2563 2552 2681 2627 4,);
2741 2552 2869 2612 An-

581 2660 831 2722 tiochiae
888 2659 1054 2739 (ibid.
1099 2661 1251 2736 VH,
1299 2666 1334 2723 3
1357 2710 1371 2736 ‚
1421 2660 1486 2740 3)
1546 2666 1608 2723 et
1665 2665 1921 2724 Edessae
1980 2661 2292 2741 (Wichelh.
2336 2682 2472 2740 pag.
2521 2660 2628 2735 26)
2690 2681 2869 2739 syna-

583 2790 770 2849 gogae
812 2770 853 2828 J
855 2772 1174 2830 udaeorum
1236 2774 1406 2831 erant
1450 2772 2094 2851 magnificentissimae3
2158 2773 2221 2830 in
2262 2770 2621 2848 Babylonia,
2688 2791 2868 2847 quam

584 2880 834 2938 alteram
873 2878 1173 2939 habebant
1196 2879 1473 2955 patriam,
1518 2879 1710 2940 Asilai
1757 2883 1817 2940 et
1849 2879 2050 2939 Anilai
2096 2880 2491 2939 adolescentes
2538 2898 2767 2940 summa
2807 2880 2869 2941 vi

582 3007 830 3067 regnum
874 2989 949 3048 ad
971 2987 1336 3063 Euphratem
1376 2990 1810 3048 constituerunt
1836 2988 1875 3047 J
1877 2988 2183 3060 udaicum3
2232 2988 2297 3063 (J
2299 3007 2383 3048 OS.
2407 2990 2533 3049 ant.
2552 2988 2775 3063 XVIII,
2801 2986 2867 3063 9)

519 3117 522 3128 ·
582 3098 645 3157 in
688 3116 869 3175 regno
914 3096 1311 3157 Adiabenensi
1360 3098 1640 3173 permulti
1693 3098 2085 3159 versabantur
2127 3096 2167 3154 J
2169 3097 2343 3156 udaei
2384 3097 2506 3156 iam
2551 3099 2870 3174 antequam

583 3206 941 3267 Monobazus
1002 3207 1062 3264 et
1106 3206 1335 3267 Helena
1395 3207 1472 3266 ad
1536 3206 1878 3284 religionem
1926 3206 2332 3265 Hebraeorum
2390 3207 2529 3265 sunt
2585 3205 2870 3279 conversi,

585 3335 691 3376 nec
710 3334 850 3378 vero
881 3316 971 3374 est
986 3316 1584 3391 praetermittendum
1610 3315 2072 3391 ubiquelmultos
2099 3315 2175 3374 ad
2209 3332 2375 3373 sacra
2390 3314 2430 3372 J
2432 3314 2641 3375 udaica
2667 3315 2869 3374 trans-

580 3426 721 3486 iisse
751 3425 816 3503 (J
819 3445 883 3485 os
906 3428 1113 3487 contra
1128 3426 1241 3503 Ap.
1266 3427 1346 3500 II,
1367 3426 1465 3499 10,
1486 3427 1555 3485 de
1571 3426 1706 3484 bell.
1723 3421 1863 3484 Jud.
1884 3425 1964 3498 II,
1992 3423 2090 3497 18,
2111 3423 2217 3495 12;
2241 3423 2378 3497 VII,
2399 3424 2457 3496 3,
2484 3424 2542 3495 3,
2559 3422 2637 3495 H,
2662 3424 2762 3496 20,
2783 3420 2869 3495 2).

718 3531 780 3608 1)
827 3536 867 3594 J
869 3555 966 3595 am
1009 3538 1039 3595 I
1086 3556 1233 3597 saec.
1280 3536 1754 3598 Christianorum
1796 3534 2138 3613 Targumim
2184 3534 2408 3592 calamo
2454 3549 2579 3590 esse
2625 3533 2871 3607 excepta

584 3644 731 3705 satis
776 3646 1022 3721 apparet
1067 3663 1136 3703 ex
1178 3646 1363 3705 Talm.
1407 3645 1641 3704 Hieros
1686 3642 1953 3704 Sabbath
1997 3662 2121 3718 cap.
2174 3642 2271 3715 16,
2323 3641 2395 3714 13
2452 3650 2618 3722 7:¹5:
2668 3650 2867 3701 'mmm

587 3762 815 3814 uvam
873 3764 1043 3814 wan
1093 3762 1232 3814 *ur-t:
1291 3764 1475 3836 γαπ-ι
1519 3749 1603 3817 bs>
1652 3765 1811 3815 -mw
1859 3762 2048 3814 ,ψη-ιω
2112 3752 2263 3828 (flor.
2307 3750 2356 3810 I.
2402 3746 2578 3827 saec.)
2624 3743 2871 3812 bwbm

583 3875 808 3925 maan
860 3873 1022 3924 mn:
1071 3874 1216 3924 :vet
1269 3873 1402 3926 *ono
1451 3860 1516 3928 ab
1606 3866 1761 3924 Zunz
1816 3863 1890 3940 (l.
1949 3863 1988 3922 1.
2043 3880 2181 3940 pag.
2239 3857 2353 3932 62)
2416 3860 2646 3952 quidem
2711 3859 2882 3918 arbi-·

584 3973 812 4045 tratuS,
870 3991 989 4032 non
1032 3972 1071 4031 J
1074 3972 1249 4033 obum
1305 3950 1470 4049 prius
1523 3995 1702 4051 quam
1762 3975 1982 4032 ceteros
2028 3971 2087 4031 S.
2148 3971 2207 4031 S.
2266 3970 2448 4030 libros
2507 3969 2873 4028 translatum

585 4099 729 4155 esse,
773 4081 1113 4158 Targumim
1157 4083 1566 4143 absolutorum
1623 4084 1880 4143 aetatem
1938 4081 2304 4157 superiorum
2366 4078 2600 4138 statuit.
2687 4076 2874 4154 Equi-

586 4191 718 4249 dem
762 4188 1103 4247 coniecerim
1121 4236 1134 4261 ‚
1192 4189 1374 4249 libros
1424 4192 1525 4265 qui
1570 4190 1815 4249 minoris
1859 4189 2143 4274 momenti
2194 4189 2389 4247 essent
2441 4188 2501 4245 et
2545 4186 2647 4245 ubi
2688 4186 2875 4246 Hala-

585 4298 746 4359 chica
788 4297 1198 4373 interpretatio
1244 4299 1388 4358 nihil
1432 4300 1679 4373 valeret,
1723 4299 1946 4375 primos
1993 4289 2116 4358 esse
2161 4297 2429 4372 scriptos

717 4405 782 4484 2)
827 4405 915 4467 Of.
960 4408 1116 4483 quod
1163 4410 1496 4487 nuperrime
1533 4412 1605 4471 de
1648 4409 1758 4469 hoc
1801 4409 1927 4469 loco
1970 4408 2268 4487 ingeniose
2314 4403 2667 4465 coniectavit
2689 4404 2873 4464 Freu-

583 4516 823 4576 denthal
864 4513 1334 4594 (Hellenistische
1380 4520 1629 4582 Studien
1672 4518 1753 4579 II.
1796 4537 1932 4596 pag.
1985 4517 2105 4579 139
2153 4535 2295 4593 seqq
2317 4510 2361 4591 .)
